2376 3900
100 215 140 277 οῖ
427 233 459 282 v.
484 231 546 282 ΕΙΣ
564 230 773 283 ΔΗΜΗΤΡΑΝ.
870 222 878 241 “·
891 220 911 257 ’-

100 392 202 458 ἐλθεῖν
216 390 248 469 ἐξ
261 396 400 474 Ἐρέβευς,
421 394 477 457 ἵνα
490 385 527 475 μ’
541 384 766 474 ὀφθαλμοῖσιν
780 374 899 456 ίδούσα

99 489 209 577 λήξαις
223 485 420 558 ἀθανάτοισι
433 488 532 576 χόλου
546 490 601 556 καὶ
613 486 728 574 μήνιος
742 492 849 576 αίνής,
1046 506 1086 559 41⁰

99 587 210 659 αὐτίκ’
225 588 312 677 ἐγών
324 587 483 678 άνόρουσ’
497 585 562 658 ὑπὸ
576 588 753 676 χάρματος·
774 586 879 679 αύτάρ
893 587 910 659 δ
925 591 1032 679 λάθρη

103 694 225 779 ἔμβαλέ
235 720 290 779 μοι
305 696 397 781 ῥοιῆς
410 692 547 777 κόκκον,
568 687 717 778 μελιηδέ’
733 691 874 779 ἐδωδήν,

98 792 247 862 άκουσαν
261 794 298 862 δέ
312 802 369 882 βίη
383 821 423 882 με
437 791 708 880 προσηνάγκασσε
722 792 901 863 πάσασθαι.

99 891 142 974 ώς
157 897 196 964 δέ
206 893 244 983 μ’
259 892 448 981 άναρπάξας
461 899 633 983 Κρονίδεω
648 892 792 982 πυκινήν
808 894 864 963 διὰ
876 899 975 984 μῆτιν

100 995 218 1089 ᾤχετο,
241 994 363 1086 πατρὸς
377 1000 483 1083 ἐμοῖο,
504 998 617 1083 φέρων
630 991 696 1063 ὑπὸ
709 995 836 1065 κεύθεα
850 1004 955 1085 γαίης,
1048 1014 1090 1067 415

99 1100 231 1185 ἐξερέω,
252 1099 307 1165 καὶ
320 1096 428 1166 πάντα
442 1101 602 1185 διίξομαι,
624 1092 668 1176 ώς
682 1101 845 1184 ἐρεείνεις.

99 1197 191 1287 ἡμεῖς
204 1198 266 1285 μὲν
278 1197 364 1285 μάλα
379 1204 479 1267 πᾶσαι
494 1195 550 1266 άυ’
565 1197 698 1286 ἱμερτὸν
710 1204 866 1287 λειμώνα,

102 1306 274 1387 Λευκίππη
289 1300 404 1369 Φαινώ
419 1328 453 1368 τε
466 1302 521 1368 καὶ
532 1297 688 1388 Ἠλέκτρη
701 1302 757 1369 καί
767 1298 891 1388 Ἰάνθη,

98 1405 153 1471 καὶ
166 1408 296 1489 Μελίτη
308 1397 393 1490 Ἰάχη
407 1430 441 1471 τε
451 1398 575 1470 Ῥοδεία
589 1429 623 1469 τε
637 1402 805 1491 Καλλιρόη
819 1429 865 1489 τε,

98 1500 290 1592 Μηλόβοσίς
303 1531 338 1571 τε
357 1502 444 1592 Τύχη
457 1531 493 1572 τε
506 1505 561 1572 καὶ
573 1499 714 1592 Ὠκυρόη
727 1509 926 1593 καλυκῶπις,
1049 1522 1095 1575 420

98 1613 244 1693 Χρυσηίς
257 1602 288 1672 τ’
302 1601 439 1692 Ἰάνειρά
453 1603 485 1672 τ’
497 1601 634 1694 Ἀκάστη
648 1603 679 1674 τ’
693 1603 833 1694 Ἀδμήτη
849 1633 895 1692 τε,

97 1710 152 1776 καὶ
161 1703 298 1793 Ῥοδόπη
311 1704 452 1777 Πλουτώ
467 1733 501 1774 τε
515 1709 570 1775 καὶ
585 1706 758 1795 ἱμερόεσσα
771 1705 931 1794 Καλυψώ,

96 1812 152 1877 καὶ
165 1807 255 1890 Στύξ
271 1806 420 1895 Οὐρανίη
434 1835 469 1876 τε
483 1808 678 1896 Γαλαξαύρη
692 1805 722 1875 τ’
739 1808 899 1896 ἐρατεινὴ,

97 1917 252 1997 παίζομεν
265 1906 321 1996 ἠδ’
337 1907 445 1977 άνθεα
459 1912 623 1997 δρέπομεν
636 1909 777 1998 χείρεσσ’
793 1910 938 1998 ἐρόεντα,
1048 1929 1096 1982 425

96 2016 197 2098 μίγδα
211 2009 332 2096 κρόκον
344 2007 375 2078 τ’
390 2007 516 2096 άγαυδν
529 2013 585 2078 καί
598 2009 777 2099 άγαλλίδας
790 2009 846 2099 ήδ’
867 2008 1043 2098 ὑάκινθον,

96 2114 151 2180 καὶ
166 2113 283 2200 ῥοδέας
297 2109 441 2189 κάλυκας
454 2113 509 2179 καὶ
522 2120 644 2199 λείρια,
667 2117 783 2201 θαῦμα
800 2115 945 2200 ίδέσθαι,

96 2222 112 2265 *
127 2211 306 2301 νάρκισσόν
318 2209 370 2299 θ’,
391 2209 431 2280 δν
444 2210 555 2299 έφνσ’,
578 2211 688 2300 ώσπερ
702 2213 838 2304 κρόκου,
854 2212 968 2301 εύρεῑα
981 2217 1083 2303 χθών.

96 2313 200 2406 αύτάρ
215 2312 279 2403 ἐγώ
294 2314 462 2402 δρεπόμην
476 2316 552 2401 περὶ
566 2314 721 2404 χάρματι·
741 2332 820 2403 γαῖα
834 2313 867 2384 δ’
882 2323 1001 2405 ἔνερθε

96 2416 260 2508 χώρησεν·
281 2422 323 2505 τῇ
337 2415 370 2485 δ’
386 2414 502 2504 ἔκθορ’
517 2413 598 2499 άναξ
613 2415 769 2506 κρατερὸς
782 2420 1020 2506 Πολυδέγμων.
1046 2436 1097 2490 430

95 2525 139 2607 βή
154 2521 190 2589 δὲ
204 2522 317 2607 φέρων
330 2516 395 2587 ὑπὸ
408 2534 507 2604 γαῖαν
522 2523 558 2587 ἐν
571 2516 693 2607 ἅρμασι
706 2529 887 2605 χρυσείοισι

95 2618 190 2688 πόλλ’
205 2617 442 2707 άεκαζομένην·
463 2618 584 2707 ἐβόησα
600 2617 632 2688 δ’
647 2616 699 2708 ἄρ’
715 2618 817 2707 ὄρθια
831 2625 938 2708 φωνή.

93 2720 196 2790 ταῦτά
210 2749 259 2789 τοι
273 2718 441 2808 άχνυμέυη
455 2746 516 2810 περ
533 2720 659 2808 άληθέα
673 2720 771 2790 πάντ’
785 2719 945 2811 άγορεύω.

161 2820 221 2901 Ὦς
236 2820 308 2890 τότε
321 2822 383 2910 μέν
397 2821 529 2908 πρόπαν
541 2815 628 2912 ήμαρ
642 2819 813 2912 ὁμόφρονα
824 2823 938 2912 θυμόν
951 2832 1084 2911 ἔχουσαι

92 2923 198 2994 πολλά
210 2920 288 3011 μάλ’
303 2920 454 3009 άλλήλων
470 2931 611 3014 κραδίην
626 2929 681 2995 καί
693 2925 806 3014 θυμόν
820 2937 930 2996 ῖαινον
1044 2943 1095 2997 436

91 3023 424 3114 ἀμφαγαπαζόμεναι·
446 3022 552 3112 άχέων
569 3024 604 3093 δ’
618 3025 805 3097 άπεπαύετο
818 3027 935 3117 θυμός.

91 3127 282 3213 γηθοσύνας
297 3122 329 3194 δ’
344 3128 495 3212 ἐδέχοντο
508 3124 589 3213 παρ’
605 3125 756 3216 άλλήλων
769 3129 882 3199 ἔδιδόν
894 3158 939 3200 τε.

91 3231 187 3316 τήσιν
201 3226 234 3296 δ’
251 3226 396 3315 ἐγγύθεν
409 3218 489 3313 ἦλθ’
499 3226 614 3315 Ἑκάτη
627 3229 945 3320 λιπαροκρήδεμνος·

91 3328 195 3398 πολλά
216 3328 244 3398 δ
263 3327 319 3416 ἄρ’
335 3326 557 3420 άμφαγάπησε
573 3329 676 3418 κόρην
690 3332 882 3422 Δημήτερος
895 3330 1017 3421 ἁγνήν·

96 3531 212 3611 Παλλάς
228 3534 254 3600 τ’
274 3535 418 3621 ἐγρεμάχη
433 3541 483 3602 καὶ
496 3536 632 3625 ’Ἄρτεμις
645 3542 784 3624 ἰοχέαιρα,
1042 3557 1094 3610 m
