2376 3900
332 228 369 277 11.
391 227 453 276 ΕΙΣ
467 223 672 277 ΔΠΟΛΛΩΝΑ
685 223 838 305 ΠΤΘΙΩΝ.
1041 227 1080 284 19

94 388 156 470 νήα
170 378 203 450 δ’
218 389 328 451 ἔπειτα
341 385 499 468 μέλαιναν
514 377 568 448 ἐπ’
582 378 721 469 ἠπείρου
734 377 908 469 ἐρύσασθε,
1032 389 1083 442 010

94 489 129 552 ἐκ
144 483 181 551 δέ
195 479 339 570 κτήμαθ’
354 485 470 551 ἕλεσθε
483 483 538 549 καὶ
552 488 645 550 ἔντεα
658 480 736 568 νηός
749 485 847 567 ἐίσης,
962 488 965 494 “

93 585 148 651 καὶ
160 582 273 671 βωμόν
287 580 437 669 ποιήσατ’
453 584 505 651 ἐκ]
520 586 653 670 ῥηγμῖνι
665 581 847 669 θαλάσσης·
979 576 982 582 ’
1006 583 1082 664 [490]

92 689 158 769 πῦρ
174 680 205 750 δ’
220 688 438 769 ἐπικαίοντες,
459 686 517 752 ἐπί
526 679 557 750 τ’
573 680 693 769 άλφιτα
706 681 807 751 λευκά
819 682 969 767 θύοντες,

92 782 249 871 εὔχεσθαι
265 783 305 872 δή
319 792 429 854 ἔπειτα
443 783 676 871 παριστάμενοι
690 785 764 872 περὶ
778 782 906 871 βωμόν·
984 849 987 856 .

91 881 135 963 ὡς
149 884 210 972 μὲν
223 883 286 971 ἐγώ
300 884 335 952 τὸ
349 889 478 973 πρῶτον
492 888 528 954 ἐν
540 881 701 972 ήεροειδέῖ
711 884 820 975 πόντῳ
1030 899 1082 951 315

91 984 259 1072 εἰδόμενος
273 991 405 1072 δελφῖνι
418 990 499 1072 θοής
514 987 567 1053 ἐπὶ
580 984 657 1073 νηός
670 982 802 1073 όρουσα,
1148 1043 1151 1050 .

75 1083 135 1164 ’δός
150 1088 220 1173 ἐμοὶ
233 1083 388 1174 εὔχεσθαι
401 1093 587 1176 Δελφινίῳ·
609 1083 712 1175 αὐτάρ
726 1085 743 1154 ό
757 1084 866 1173 βωμός
1007 1083 1081 1166 [495]
1171 1149 1172 1153 ,

90 1184 106 1220 *
121 1183 219 1265 αὐτὸς
234 1176 369 1275 δέλφιος
379 1188 434 1256 καὶ
447 1184 581 1268 ἐπόψιος
595 1194 722 1256 ἔσσεται
735 1194 809 1255 αἰεί.

91 1292 265 1374 δειπνήσαι
278 1285 310 1356 τ’
328 1285 384 1374 ἄρ’
399 1294 509 1356 ἔπειτα
522 1291 589 1374 θοή
602 1286 690 1376 παρά
707 1295 765 1375 νηῒ
776 1294 924 1376 μελαίνη,

89 1390 148 1456 καί
161 1405 291 1457 σπεῖσαι
304 1387 481 1476 μακάρεσσι
493 1399 601 1472 θεοῖς,
621 1397 655 1457 οἳ
664 1387 835 1476 ’Όλυμπον
849 1394 988 1473 ἔχουσιν.
1029 1402 1082 1456 300

90 1485 195 1576 αὐτάρ
209 1488 291 1578 ε’πήν
305 1497 405 1558 σίτοιο
419 1497 615 1577 μελίφρονος
629 1492 661 1570 ἐξ
674 1487 751 1576 ἐ’ρον
765 1480 859 1576 ήσθε,

90 1586 250 1676 ἔρχεσθαί
259 1587 299 1658 θ’
314 1587 370 1676 ἅμ’
386 1591 457 1675 ἐμοὶ
468 1591 523 1657 καί
536 1586 703 1677 ἰηπαιήον’
719 1587 853 1673 άείδειν,
1006 1593 1080 1672 [500]

90 1689 197 1759 εἰσόκε
215 1694 322 1778 χἐόρον
337 1695 495 1777 ἵκησθον,
515 1686 564 1756 ἵν’
579 1693 664 1770 ἕξετε
678 1697 776 1758 πίονα
789 1689 878 1777 νηόν.

73 1803 76 1807 “
147 1788 207 1870 Ὣς
218 1787 333 1878 ἔφαθ’·
348 1794 381 1857 οἰ
390 1787 423 1857 δ’
433 1787 497 1878 άρα
504 1791 562 1857 τοῦ
571 1789 658 1875 μάλα
667 1791 728 1877 μὲν
737 1789 839 1859 κλόον
848 1787 891 1876 ήδ
896 1787 904 1812 ’
915 1793 1080 1858 ἐπίθοντο.

90 1897 176 1960 ίστία
191 1892 252 1978 μέν
265 1895 395 1977 πρῶτον
407 1890 571 1974 κάθεσαν,
591 1895 695 1958 λῦσαν
709 1891 745 1959 δὲ
759 1898 879 1977 βοείας,
1030 1906 1081 1960 325

90 1990 181 2060 ἰστὸν
196 1988 229 2059 δ’
245 1989 395 2078 ἱστοδόκῃ
408 1994 554 2060 πέλασαν
566 1991 775 2080 προτόνοισιν
787 1987 942 2077 ὑφέντες·

90 2097 127 2160 ἐκ
142 2092 178 2160 δὲ
191 2092 247 2161 καὶ
260 2087 353 2160 αότοὶ
365 2100 483 2177 βαῖνον
497 2094 550 2160 ἐπὶ
565 2096 699 2180 ῥηγμῖνι
713 2092 889 2178 θαλάσσης.
1006 2095 1082 2175 [505]

90 2196 127 2261 ἐκ
143 2189 176 2259 δ’
191 2188 267 2271 άλός
281 2190 455 2281 ήπειρόνδε
468 2191 555 2279 θοήν
569 2189 632 2260 άνά
646 2190 700 2279 νῆ’
717 2192 876 2279 ἐρύσαντο

89 2289 179 2373 ὑψοῦ
193 2295 246 2361 ἐπὶ
259 2292 442 2380 ψαμάθοις,
464 2289 528 2360 ὑπό
543 2289 574 2359 δ’
589 2297 711 2380 ἕρματα
728 2293 836 2380 μακρά
849 2291 1030 2386 τάνυσσαν·
1127 2370 1131 2377 Ι

90 2394 146 2461 καὶ
159 2392 272 2480 βωμὸν
286 2401 426 2480 ποίησαν
439 2395 492 2460 ἐπὶ
507 2396 640 2480 ῥηγμῖνι
652 2393 835 2481 θαλάσσης·
964 2453 968 2459 .
1031 2408 1082 2461 330

90 2497 158 2580 πῦρ
173 2489 206 2560 δ’
222 2496 423 2572 ἐπικαίοντες
437 2495 495 2560 ἐπί
504 2488 535 2560 τ’
549 2490 670 2579 άλφιτα
683 2491 784 2562 λευκά
796 2485 936 2572 θύοντες

91 2591 239 2679 εὔχονθ’,
262 2591 304 2674 ὡς
318 2597 464 2679 ἐκέλευε,
485 2593 720 2681 παριστάμενοι
733 2597 809 2683 περὶ
822 2594 943 2682 βωμόν.
1008 2599 1083 2676 [510]

91 2693 216 2782 δόρπον
229 2692 339 2764 ἔπειθ’
355 2701 480 2763 ε’ίλοντο
493 2697 561 2780 θοή
574 2693 662 2783 παρά
678 2703 735 2782 νηῒ
747 2703 894 2783 μελαίνη,

90 2797 146 2863 καὶ
159 2797 298 2864 σπεῖσαν
310 2794 490 2882 μακάρεσσι
502 2805 612 2881 θεοῖς,
632 2803 665 2863 οἳ
675 2793 844 2883 ’Όλυμπον
858 2805 997 2883 ἔχουσιν.

89 2892 195 2982 αὐτάρ
209 2897 280 2964 ἐπεὶ
292 2894 406 2975 πόσιος
419 2898 473 2964 καὶ
487 2894 621 2982 ἐδητύος
635 2898 667 2978 ἐξ
682 2903 757 2985 ἔρον
770 2902 854 2984 ἕντο,
923 2970 927 2978 ,
1031 2911 1083 2963 335

89 2994 155 3081 βάν
170 2993 204 3084 ῥ’
219 3006 310 3082 ἰμεν·
330 2986 408 3084 ήρχε
423 2993 457 3063 δ’
473 2992 537 3081 άρα
546 3015 628 3083 σφιν
641 2994 811 3080 άναξΔιός
824 2995 894 3076 οἰός
905 2994 1082 3081 Ἀπόλλων,

90 3093 250 3184 φόρμιγγ’
266 3100 302 3165 ἐν
316 3104 479 3183 χείρεσσιν
493 3103 592 3183 ἔχων,
612 3097 729 3186 ἐρατόν
742 3106 933 3187 κιθαρίζων,
1008 3100 1083 3180 [515]

91 3194 175 3265 καλά
187 3198 243 3264 καὶ
255 3194 315 3277 όφι
328 3196 439 3284 βιβάς·
459 3201 492 3265 οἰ
504 3196 540 3266 δέ
555 3196 728 3285 ῥήσσοντες
741 3204 858 3269 ἕποντο

91 3301 217 3385 Κρήτες
231 3296 311 3385 πρὸς
324 3295 432 3366 Πυθά
446 3297 501 3364 καὶ
510 3293 687 3384 Ἰηπαιήον’
706 3298 829 3386 άειδον,

91 3392 203 3466 οἷοίτε
217 3403 358 3484 Κρητῶν
372 3397 543 3485 παιήονες,
564 3394 633 3466 οἰσί
643 3427 677 3468 τε
690 3405 812 3469 Μοῦσα
1029 3412 1083 3466 540

91 3502 128 3566 ἐν
141 3497 319 3584 στήθεσσιν
333 3505 433 3587 ἔθηκε
446 3496 511 3575 θεά
524 3505 703 3589 μελίγηρυν
715 3499 839 3588 άοιδήν.

838 3609 882 3668 ηε
