2376 3900
311 230 347 278 11.
376 229 438 278 m
455 227 662 283 ΑΠΟΛΛΩΝΑ
677 227 831 282 Πτοιοα.
1054 217 1076 279 9

550 410 595 473 ΙΙ.

338 547 401 596 ΕΙΣ
419 545 626 600 ΑΠΟΛΛΩΝΑ
643 545 797 601 Πυσιοα.

144 675 192 769 [Ὦ
207 683 289 774 ἀνα,
310 689 366 756 καὶ
383 695 512 775 Λυκίην
526 690 582 756 καὶ
595 696 754 777 Μῃονίην
768 691 940 782 ἐρατεινήν

66 789 124 855 καὶ
137 795 290 877 Μίλητον
303 797 403 877 ἔχεις,
425 796 544 859 ἔναλον
558 789 655 859 πόλιν
669 790 874 880 ἱμερόεσσαν,
999 802 1074 880 [180]

67 886 166 969 αὐτὸς
181 887 215 958 δ’
230 881 274 958 αὖ
288 891 412 980 Δήλοιο
427 890 644 980 περικλάστης
657 891 732 981 μέγ’
746 889 920 979 ἀνάσσεις]
955 934 958 939 Α

271 989 286 1026 *
492 997 507 1035 ι
714 998 729 1036 ι

66 1091 131 1160 εἶσι
146 1093 184 1161 δέ
197 1102 366 1183 φορμίζων
381 1099 510 1182 Λητοῦς
524 1098 693 1183 ἐρικυδέος
707 1094 778 1175 υίὸς

65 1193 226 1283 φόρμιγγι
239 1201 397 1285 γλαφυρῇ
410 1194 492 1285 πρὸς
506 1195 616 1266 Πυθά
633 1196 851 1286 πετρήεσσαν,
1056 1219 1073 1270 5

64 1293 215 1385 ἄμβροτα
230 1296 336 1386 εἵματ’
352 1305 437 1386 έχων
450 1301 662 1386 τεθυωμένα·
688 1316 758 1370 τοῖο
773 1300 810 1369 δὲ
828 1298 969 1389 φόρμιγξ

63 1401 208 1486 χρυσέου
220 1396 286 1468 ὑπὸ
300 1399 468 1491 πλήκτρου
481 1399 630 1488 καναχὴν
645 1409 712 1488 ἔχει
727 1401 930 1491 ἱμερόεσσαν.
996 1409 1070 1490 [185]

64 1508 168 1570 ίνθεν
183 1502 220 1570 δέ
233 1499 492 1591 πρδςὍλυμπον
507 1500 571 1572 ἀπὸ
584 1501 721 1589 χθονὸς,
745 1501 829 1573 ὥστε
843 1505 960 1592 νόημα,

65 1603 130 1671 είσι
141 1601 223 1683 Διὸς
236 1603 319 1692 πρὸς
334 1609 427 1693 δεῖμα
447 1609 540 1674 θεων
553 1601 634 1692 μεθ’
654 1601 817 1694 ὁμήγυριν
830 1604 950 1675 ἀλλων.

66 1701 184 1775 αὐτίκα
199 1702 232 1773 δ’
248 1703 447 1775 ἀθανάτοισι
460 1710 551 1794 μέλει
565 1714 699 1794 κίθαρις
713 1707 768 1775 καὶ
782 1705 893 1794 ἀοιδή·
1039 1722 1071 1774 10

63 1812 201 1875 Μοῦσαι
219 1810 281 1895 μέν
294 1804 332 1876 θ’
349 1805 416 1896 ἀμα
430 1813 533 1876 πάσαι
546 1805 761 1896 ἀμειβόμεναι
775 1805 832 1877 ὀπὶ
846 1814 932 1896 καλή

62 1905 227 1997 ὑμνεῦσίν
242 1913 283 1997 ῥα
296 1914 389 1979 θεοῖν
404 1907 484 1999 δῶρ’
499 1907 648 1997 ἀμβριπα
670 1906 726 1997 ἠδ’
742 1908 934 2000 ἀνθρώπων
997 1918 1071 1996 [190]

62 2008 287 2098 τλημοσύνας,
311 2009 364 2079 ὅσ’
380 2021 509 2098 ἔχοντες
523 2008 582 2080 ὑπ’
599 2009 798 2081 ἀθανάτοισι
811 2024 921 2082 θεοῖσι

63 2109 181 2196 ζάουσ’
198 2109 362 2202 ἀφραδέες
375 2116 432 2183 καὶ
445 2111 624 2202 ἀμήχανοι,
646 2111 725 2183 οὐδὲ
744 2114 906 2184 δύνανται

64 2210 240 2303 εὑρέμεναι
254 2215 416 2285 θανάτοιό
429 2213 461 2283 τ’
476 2213 554 2296 ἀκος
567 2217 623 2285 καὶ
637 2215 757 2304 γήραος
772 2215 894 2306 ἀλκαρ·
1038 2234 1070 2285 15

62 2313 168 2405 αὐτὰρ
184 2316 386 2405 ἐϋπλόκαμοι
399 2318 539 2406 Χάριτες
553 2319 609 2386 καὶ
623 2316 785 2406 έάφρονες
794 2308 891 2406 Ὧραι

57 2414 214 2507 Ἁρμονίη
227 2416 269 2487 θ’
282 2416 371 2506 Ἥβη
385 2447 420 2486 τε
434 2418 516 2498 Διὸς
529 2418 680 2508 θυγάτηρ
694 2416 725 2486 τ’
739 2415 915 2506 Ἀφροδίτη
994 2424 1069 2501 [195]

61 2517 213 2608 ὀρχεῦντ’
230 2517 382 2608 ἀλλήλων
397 2523 450 2589 ἐπὶ
464 2525 582 2612 καρπῷ
594 2536 705 2608 χεῖρας
719 2528 868 2607 ἔχουσαι·

61 2627 138 2710 τήσι
151 2622 213 2710 μὲν
226 2618 300 2690 οὔτ’
317 2621 433 2711 αἰσχρὴ
447 2626 686 2710 μεταμέλπεται
701 2619 772 2690 οὔτ’
789 2622 929 2709 ἐλάχεια,

61 2720 145 2793 ἀλλά
158 2723 246 2812 μάλα
259 2723 384 2812 μεγάλη
399 2752 434 2793 τε
448 2730 535 2794 ίδεϊν
548 2726 603 2793 καὶ
618 2724 705 2804 εἶδος
719 2721 833 2812 ἀγητή,
1035 2739 1070 2790 20

53 2823 207 2914 ’Ἀρτεμις
220 2825 367 2913 ἰοχέαιρα
383 2821 566 2914 ὁμότροφος
578 2823 767 2895 Ἀπόλλωνι.

61 2931 98 2996 έν
114 2924 147 2996 δ’
162 2918 206 2995 αὖ
220 2926 422 3017 τήσιν’Ἀρής
436 2930 491 2996 καὶ
505 2927 665 3007 έάσκοπος
680 2925 913 3016 Ἀργειφόντης
991 2929 1068 3007 [200]

59 3025 230 3112 παίζουσ’·
255 3026 359 3119 αάτάρ
375 3026 393 3098 ὁ
410 3037 533 3117 Φοῖβος
544 3027 712 3098 Ἀπόλλων
726 3034 938 3118 ἐγκιθαρίζει,

59 3129 146 3201 καλά
162 3129 217 3199 καὶ
230 3127 292 3212 ὕψι
306 3131 418 3220 βιβάς·
438 3140 535 3219 αίγλη
551 3135 590 3201 δέ
601 3159 659 3220 μιν
673 3129 889 3220 ἀμφιφαείνει

59 3237 279 3322 μαρμαρυγῆς
298 3259 333 3301 τε
349 3238 464 3302 ποδοῖν
477 3235 533 3302 καὶ
548 3232 745 3302 έϋκλοίστοιο
761 3236 907 3319 χιτῶνος,
1034 3250 1068 3302 25

59 3341 94 3404 οί
107 3332 139 3404 δ’
157 3337 388 3423 ἐπιτέρπονται
401 3332 515 3423 θυμόν
529 3338 634 3425 μέγαν
648 3333 870 3424 εἰσορόωντες,

23 3497 26 3502 ,
58 3436 159 3526 Λητά
173 3463 209 3506 τε
224 3437 494 3526 χρυσοπλόκαμος
507 3437 563 3505 καὶ
577 3443 712 3526 μητίετα
725 3434 820 3522 Ζεὺς,
994 3440 1069 3518 [205]

58 3535 119 3610 υἷα
133 3546 234 3627 φίλον
247 3546 404 3623 παίζοντα
417 3535 490 3630 μετ’
506 3535 702 3607 ἀθανάτοισι
716 3548 834 3608 θεοῖσι.
