2376 3900
125 186 164 247 54
448 201 480 250 V.
506 199 567 250 ΕΙΣ
585 197 793 248 ΔΗΜΗΤΡΔΝ.

123 361 190 424 τών
203 354 338 423 πάντων
351 352 462 442 άλοχοι
477 353 559 424 κατά
574 351 706 441 δώματα
720 361 973 440 πορσαίνουσιν·

123 457 212 525 τάων
225 454 285 524 οὐκ
300 453 342 524 άυ
356 464 404 534 τίς
419 477 455 524 σε
469 455 550 524 κατά
564 451 749 541 πρώτιστον
763 452 901 544 ὀπωπήν

123 559 209 637 ελδος
223 555 405 645 ἀτιμήσασα
421 557 531 644 δόμων
545 555 833 644 άπονοσφίσσειεν,

122 657 205 728 άλλά
219 680 255 728 σε
271 662 433 741 δέξονται·
457 658 497 747 δή
510 659 573 748 γάρ
589 657 776 738 θεοείκελός
792 663 871 728 ἐσσι.

123 769 154 831 εί
168 762 203 829 δὲ
217 764 344 847 θέλεις,
367 765 552 848 ἐπίμεινον,
573 767 629 830 ἵνα
644 758 725 847 πρὸς
741 759 876 848 δώματα
890 763 1013 853 πατρὸς
1080 783 1129 839 160

122 871 273 950 ἔλθωμεν
287 866 342 931 καὶ
356 866 452 950 μητρί
466 861 651 953 βαθυζώνῳ
668 869 859 951 Μετανείρῃ

121 975 265 1052 εῖπωμεν
279 964 357 1032 τάδε
371 964 478 1031 πάντα
494 963 686 1053 διαμπερὲς,
707 975 745 1031 αῖ
756 966 795 1032 κε’
807 962 839 1032 σ’
855 962 968 1056 άνώγη

120 1062 314 1155 ἡμέτερόνδ’
332 1068 417 1135 ίέναι
433 1072 500 1154 μηδ
506 1064 513 1089 ’
529 1064 641 1135 άλλων
657 1062 781 1151 δώματ’
799 1069 948 1160 ἐρευνρῖν.

120 1168 297 1255 τηλύγετος
314 1170 354 1236 δέ
364 1173 398 1236 ολ
408 1166 479 1247 υίὸς
493 1171 543 1237 ἐνί
557 1166 690 1259 μεγάρῳ
708 1165 859 1258 εὐπήκτῳ

119 1265 274 1356 ὀψίγονος
287 1272 460 1356 τρέφεται,
481 1268 698 1354 πολυεύχετος
712 1265 870 1349 άσπάσιός
884 1299 927 1340 τε.
1075 1291 1125 1346 165

120 1377 151 1439 εί
162 1370 220 1438 τόν
233 1369 266 1459 γ’
282 1374 479 1459 ἐκθρέψαιο,
501 1373 556 1441 καὶ
570 1369 652 1457 ήβης
666 1371 786 1459 μέτρον
799 1377 912 1459 ἵκοιτο,

120 1472 192 1559 ῥεῖά
205 1499 241 1540 κε
255 1479 303 1551 τίς
317 1493 354 1540 σε
368 1476 486 1540 ι’δοῦσα
500 1475 671 1561 γυναικών
683 1474 901 1562 θηλυτεράων

118 1571 273 1659 ζηλώσαι·
293 1574 373 1642 τόσα
387 1577 445 1643 κέν
461 1602 511 1643 τοι
525 1572 588 1643 άπὸ
603 1573 790 1661 θρεπτήρια
806 1581 886 1663 δοίη.

187 1671 246 1755 Ὣς
260 1674 383 1763 ἔφαθ’·
405 1673 425 1763 ή
442 1674 474 1744 δ’
492 1679 648 1745 ἐπένευσε
662 1674 816 1765 καρήατι·
837 1680 890 1746 ταὶ
905 1678 940 1746 δὲ
955 1677 1077 1765 φαεινά

117 1776 321 1864 πλησάμεναι
336 1776 456 1856 ὕδατος
471 1782 574 1865 φέρον
589 1774 691 1864 άγγεα
706 1777 912 1847 κυδιάουσαι.
1072 1795 1120 1850 170

117 1881 224 1967 ῥίμφα
239 1879 275 1947 δέ
289 1878 410 1967 πατρὸς
423 1885 535 1948 ἵκοντο
551 1881 655 1968 μέγαν
670 1874 790 1968 δόμον,
812 1871 882 1948 ώκα
897 1880 934 1948 δὲ
947 1882 1045 1969 μητρί

116 1987 273 2066 ἔννεπον,
296 1976 340 2060 ὡς
355 1978 446 2048 εἶδόν
459 2007 494 2048 τε
508 1984 564 2050 καὶ
579 1986 707 2048 ἔκλυον.
747 1976 768 2066 ή
783 1983 819 2050 δὲ
833 1977 912 2070 μάλ’
929 1971 998 2048 ώκα

115 2080 279 2160 ἐλθούσας
293 2084 424 2151 ἐκέλευε
438 2091 554 2151 καλεῖν
568 2078 621 2150 ἐπ’
637 2077 789 2166 άπείρονι
803 2086 923 2173 μισθῳ.

115 2179 199 2250 αἵδ’
215 2180 294 2251 ὥστ’
310 2179 331 2271 ή
348 2191 464 2271 ἐλαφοι
480 2181 501 2272 ή
515 2181 645 2272 πόρτιες
661 2194 770 2270 εἴαρος
786 2182 854 2272 ὤρη

114 2281 246 2353 ἅλλοντ’
261 2280 303 2354 άν
317 2291 461 2374 λειμώνα
476 2284 714 2376 κορεσσάμεναι
728 2288 836 2373 φρένα
850 2290 972 2375 φορβή,
1069 2303 1117 2358 175

115 2383 158 2465 ώς
172 2394 209 2456 αἵ
222 2387 434 2476 ἐπισχόμεναι
448 2392 556 2459 ἑανῶν
572 2385 695 2472 πτύχας
711 2390 910 2476 ἱμεροέντων

115 2486 209 2576 ήῖξαν
222 2496 337 2577 κοίλην
350 2488 422 2587 κατ’
438 2487 610 2578 άμαξιτόν·
632 2484 717 2578 άμφί
736 2491 771 2559 δὲ
786 2507 894 2577 χαῖται

113 2586 213 2675 ώμοις
228 2586 381 2659 άλσσοντο
395 2602 541 2683 κροκηίῳ
556 2589 656 2659 άνθει
670 2587 789 2677 ὁμοῖαι.

112 2691 230 2776 τέτμον
243 2686 275 2756 δ’
290 2690 388 2778 ἐγγὺς
402 2689 484 2760 ὁδοῦ
497 2693 627 2780 κυδρήν
641 2689 742 2779 θεὸν,
762 2699 847 2761 ἔνθα
861 2690 963 2778 πάρος
977 2717 1039 2781 περ

112 2790 287 2859 κάλλιπον·
308 2788 413 2878 αάτάρ
428 2800 539 2862 ἔπειτα
554 2801 635 2880 φίλα
649 2792 731 2879 πρὸς
746 2793 879 2881 δώματα
892 2793 1014 2879 πατρὸς
1067 2811 1114 2864 180

110 2889 268 2979 ἡγεῦνθ’·
307 2890 328 2981 ή
343 2891 375 2960 δ’
391 2890 445 2980 ἄρ’
461 2891 582 2962 ὄπισθε
596 2902 696 2981 φίλον
710 2899 881 2983 τετιημένη
896 2886 975 2984 ήτορ

111 3010 218 3080 στεῖχε
232 2993 315 3062 κατά
330 2999 458 3082 κρήθεν
471 2998 716 3082 κεκαλυμμένη·
738 2993 823 3084 άμφὶ
839 2998 875 3066 δὲ
889 2999 1011 3075 πέπλος

110 3093 250 3173 κυάνεος
265 3098 430 3183 ῥαδινοῖσι
445 3101 526 3183 θεής
541 3099 697 3178 ἐλελίζετο
713 3106 840 3167 ποσσίν.

111 3193 186 3274 ελψα
204 3196 239 3263 δὲ
255 3194 386 3282 δώμαθ’
402 3203 513 3266 ἵκοντο
529 3201 716 3286 διοτρεφέος
729 3207 878 3287 Κελεοῖο,

109 3294 174 3382 βάν
190 3297 226 3364 δὲ
242 3294 289 3364 δι’
304 3299 482 3387 αίθοόσης,
504 3307 589 3370 ἔνθα
608 3307 702 3387 σφίσι
717 3300 834 3370 πότνια
847 3299 951 3390 μήτηρ
1063 3316 1111 3371 185

109 3388 186 3484 ήστο
201 3398 290 3486 παρά
305 3401 457 3489 σταθμόν
471 3404 580 3489 τέγεος
595 3402 684 3488 πύκα
698 3418 855 3489 ποιητοῖο,

109 3497 203 3568 παῖδ’
218 3497 283 3571 ὑπὸ
298 3501 410 3596 κόλπῳ
425 3511 561 3592 ἔχουσα,
582 3506 660 3573 νέον
673 3503 792 3582 θάλος·
813 3509 851 3572 αί
862 3504 898 3571 δὲ
911 3500 991 3593 παρ’
1006 3500 1111 3591 αὐτήν

68 3630 160 3648 ah*-
