2376 3900
94 199 132 249 VI
487 205 702 260 PRAEFATIO.

93 361 212 434 cabam,
231 362 262 419 in
279 382 339 442 quo
357 377 522 436 quocunque
538 363 723 433 ingredimur,
741 366 769 418 in
785 365 877 434 aliquo
893 362 1007 417 historio
1025 365 1100 432 oesti-

90 451 165 520 9ium
178 450 313 518 ponimus,
330 444 603 524 quampraecipue
619 445 734 504 mansio
749 443 879 503 Athenis
896 451 986 518 esset,
1007 446 1101 502 omnis

92 530 287 588 humanitatis
302 530 390 609 quasi
405 528 536 609 quadam
554 547 623 587 arce
644 528 849 609 bonarumque
866 529 973 586 artium
992 537 1100 587 metro-

92 614 171 691 poli,
195 613 269 691 quid
281 615 404 683 mirum,
425 612 506 691 quod
519 612 594 670 nihil
608 614 762 692 antiquius
776 611 941 686 habebam,
965 633 1055 692 quam
1070 622 1101 670 ut

93 697 144 756 vel
165 717 264 756 rernm
287 699 454 776 priscarum
476 697 650 756 memoriam
672 697 800 756 testibus
825 697 1102 774 incorruptissimis,

92 782 341 860 inscriptionibus
357 782 434 855 dico,
453 789 638 859 repeterem,
655 781 706 840 vel
721 783 811 840 situm
829 781 962 839 locorum
976 781 1101 840 nobilis-

93 869 234 926 simorum
248 868 449 945 requirerem,
476 866 527 925 vel
550 864 671 924 fabulas
695 864 818 924 deorum
833 865 1019 944 heronmque
1036 885 1102 924 cum

92 959 201 1010 natura
220 951 378 1027 regionum
396 960 478 1010 arcte
500 949 678 1026 conjunctas
697 956 788 1028 atque
811 968 851 1007 ex
866 949 917 1008 illo
934 950 999 1008 solo
1015 951 1108 1030 quasi

94 1043 200 1094 enatas
214 1034 400 1112 indagarem,
416 1035 467 1094 vel
480 1035 572 1094 etiam
584 1053 622 1092 ex
639 1053 691 1093 ore
702 1033 800 1110 plebis
810 1031 924 1110 Grajae
939 1033 1103 1093 facundiae

94 1128 208 1198 quanta
220 1137 341 1196 possem
355 1119 487 1195 vestigia
501 1118 684 1196 exciperem,
701 1118 753 1177 vel
765 1117 897 1196 denique
911 1118 1014 1176 divina
1031 1120 1103 1177 artis

94 1203 238 1280 antiquae
259 1222 317 1261 neo
337 1222 465 1281 usquam
487 1211 649 1261 renaturae
675 1222 767 1280 opera
788 1211 938 1281 quotquot
958 1201 1104 1262 durarunt

94 1285 202 1364 (eheul
225 1287 404 1366 plerumque
422 1286 551 1363 disjecta
571 1285 761 1366 barbaroque
783 1288 882 1345 furore
899 1287 1017 1361 nefarie
1034 1307 1102 1346 con-

95 1367 176 1445 tusa)
193 1372 314 1430 intuens
331 1370 495 1430 admirarer
510 1379 601 1448 atque
618 1379 743 1430 aeterna
759 1372 813 1430 illa
831 1389 889 1450 qua
906 1371 1022 1450 spirant
1035 1372 1102 1449 pul·

95 1453 273 1514 chritudinis
291 1455 409 1533 specie,
428 1475 517 1534 quam
534 1454 572 1513 ad
588 1474 685 1516 mores
700 1455 872 1514 formandos
888 1456 1104 1534 ingeniumque

95 1537 297 1598 excolendum
315 1539 475 1617 plurimum
490 1539 594 1598 valere
604 1539 676 1615 jure
691 1559 810 1618 semper
826 1539 1030 1599 existimatum
1047 1549 1102 1611 est,

95 1621 225 1681 animum
241 1622 364 1682 assidua
381 1624 635 1701 contemplatione
652 1622 838 1683 imbuerem?
870 1621 988 1682 Eodem
1003 1624 1103 1682 studio

94 1726 186 1785 quum
202 1708 233 1766 in
248 1707 340 1766 Italia
361 1709 529 1786 complures
545 1727 665 1768 menses
683 1716 882 1768 commoratus
899 1727 997 1766 essem
1017 1709 1103 1766 Pari-

94 1792 215 1871 siosque
232 1791 377 1866 adissem,
402 1793 498 1851 redux
519 1792 551 1849 in
566 1793 695 1870 patriam
709 1792 762 1851 ubi
776 1791 852 1849 ratio
868 1792 1000 1849 muneris
1016 1792 1102 1851 scho-

95 1874 195 1934 lastici
217 1873 298 1953 quod
321 1877 441 1954 suscepi
462 1876 499 1934 ab
523 1876 750 1954 opportunitate
771 1875 876 1932 harum
896 1893 996 1933 rerum
1013 1876 1103 1936 altius

94 1957 373 2038 persequendamm
387 1978 434 2017 me
456 1957 597 2031 abduxit,
616 1959 648 2016 in
665 1978 731 2017 eum
746 1979 868 2040 gyrum,
890 1959 942 2039 qui
961 1959 999 2016 ad
1018 1960 1102 2019 insti-

94 2042 238 2101 tutionem
253 2041 403 2120 puerilem
414 2043 552 2120 proxime
567 2043 707 2120 pertinet,
723 2044 901 2102 contrahere
916 2063 964 2101 me
980 2053 1102 2104 coactus

93 2127 221 2185 resumsi
236 2127 336 2204 prisca
351 2124 453 2185 studia
471 2134 502 2185 et
514 2128 619 2186 nescio
636 2146 696 2206 quo
712 2147 785 2186 casu
800 2127 831 2185 in
846 2128 972 2207 hymnos
988 2129 1102 2188 Home·

93 2210 174 2269 rioos
197 2209 329 2283 delatus,
354 2222 434 2288 quae
455 2219 547 2270 antea
570 2211 666 2270 obiter
685 2211 858 2288 tetigeram‚
882 2230 920 2270 ea
939 2211 1103 2272 studiosius

94 2295 182 2374 coepi
213 2295 409 2372 investigare.
469 2295 579 2354 Paullo
613 2303 682 2374 post
709 2294 934 2373 insperantibus
966 2296 1103 2356 omnibus

95 2378 344 2438 Schneidewinus
361 2378 507 2454 decessit,
529 2379 616 2456 cujus
639 2379 736 2439 obitus
752 2388 960 2457 praematurus
979 2400 1040 2438 non
1056 2401 1102 2440 so·

94 2463 156 2521 lum
173 2463 372 2522 familiaribus
388 2464 502 2522 luctum
521 2465 625 2523 attulit
645 2464 871 2542 gravissimum,
896 2484 999 2522 verum
1021 2464 1102 2524 litte·

94 2566 194 2605 rarum
215 2545 401 2606 Graecarum
425 2546 528 2606 studia
553 2548 640 2608 clade
666 2548 769 2607 affecit
792 2547 996 2606 acerbissima.
1041 2548 1104 2626 Qui

95 2650 186 2708 quum
202 2629 314 2688 dudum
328 2631 405 2689 haec
422 2632 555 2690 carmina
570 2632 722 2711 perpolita
738 2633 769 2690 in
785 2631 883 2691 lucem
900 2631 1052 2691 editurum
1070 2654 1103 2692 se

94 2713 294 2791 promisisset,
313 2715 504 2794 nominisque
522 2717 569 2775 sui
587 2716 766 2775 auctoritate
784 2717 948 2788 effecisset,
965 2724 998 2775 ut
1013 2736 1103 2776 nemo

96 2797 173 2855 alius
190 2797 229 2855 ad
250 2796 281 2854 id
296 2799 452 2874 negotium
468 2800 693 2876 accingeretur,
714 2820 767 2879 spe
784 2799 946 2860 frustratus
962 2799 1103 2861 librarius

94 2881 322 2940 honestissimus
337 2882 516 2960 imparatum
536 2883 575 2941 ad
592 2883 650 2944 hoo
664 2904 712 2943 me
727 2886 882 2958 invitavit,
904 2893 937 2944 ut
958 2885 1103 2945 inlocum

96 2964 323 3025 Schneidewini
337 2966 543 3027 succederem.
572 2968 621 3027 Ne
636 2969 745 3045 multa;
763 2969 885 3048 suscepi
900 2989 963 3028 rem
980 2969 1104 3048 plenam

95 3049 193 3122 aleae,
213 3069 273 3108 non
287 3050 359 3128 quin
375 3051 450 3110 alios
466 3052 597 3110 fortasse
612 3052 720 3112 multos
737 3072 804 3113 esse
819 3062 974 3131 putarem,
991 3053 1042 3133 qui
1058 3054 1103 3112 in-

94 3133 270 3193 structiores
287 3132 424 3194 doctrina
440 3136 602 3215 multiplici
620 3145 651 3196 et
666 3137 789 3215 ingenio
804 3138 972 3196 ornatiores
989 3138 1028 3195 ad
1046 3137 1103 3197 hoc

96 3226 199 3276 essent
220 3218 355 3291 venturi,
383 3218 439 3278 sed
461 3221 533 3300 quia
555 3221 714 3300 sperabam
735 3222 793 3281 hac
812 3240 880 3281 mea
899 3221 1103 3300 qualicunque

95 3321 188 3379 opera
202 3323 293 3362 uuum
310 3302 362 3362 vel
385 3304 511 3364 alterum
534 3314 573 3364 ex'
593 3305 640 3363 his
666 3303 712 3383 (ut
729 3303 775 3382 fit)
799 3304 838 3363 ad
860 3326 923 3364 rem
946 3307 977 3364 in
995 3307 1103 3365 melius

94 3386 321 3464 provehendam
336 3407 427 3466 posse
444 3389 581 3448 excitari.
625 3389 734 3469 Neque
750 3391 830 3448 enim
847 3409 913 3448 eam
929 3390 1002 3447 mihi
1018 3411 1102 3449 sumo

95 3472 304 3552 arrogantiam,
320 3478 353 3528 ut
368 3474 576 3532 recensionem
592 3473 697 3530 horum
713 3472 878 3531 carminum
894 3473 1039 3533 exhibere
1056 3495 1104 3532 mo

92 3555 221 3615 arbitrer
238 3554 408 3615 absolutam
424 3565 455 3616 et
470 3557 502 3615 in
518 3556 674 3616 saeculum
689 3555 862 3616 duraturam
875 3556 969 3637 (quod
981 3558 1102 3635 peritis·
