2376 3900
493 194 722 247 Pataram·
1052 197 1104 249 VII

102 351 194 410 simus
212 351 340 429 quisque
359 350 465 408 harum
481 367 580 407 rerum
599 345 698 423 judex
717 367 757 407 ne
773 348 810 407 ab
828 349 890 407 ullo
911 349 1032 428 quidem
1051 370 1102 410 ex·

102 432 282 512 spectabit);
305 432 359 492 sed
381 433 521 492 intellexi
538 450 619 489 nova
639 432 727 509 quasi
747 431 946 492 fundamenta
959 433 1104 510 Jacienda

103 536 179 590 esse,
198 517 229 575 in
245 517 353 594 quihus
369 517 470 575 futura
485 514 649 595 aliquando
664 515 768 573 horum
785 518 947 575 carminum
965 519 1103 577 recensio

101 601 197 680 possit
218 601 343 660 exstrui.
386 601 466 658 Nam
485 598 566 679 quod
591 599 818 677 inunoquoque
842 601 964 678 antiquo
981 609 1103 660 auctore

101 684 167 742 fieri
179 683 290 743 debere
302 704 381 743 nunc
395 703 498 742 omnes
511 682 711 754 consentiunt,
727 690 760 740 ut
773 682 928 742 codicibus
941 683 1103 760 diligenter

102 768 238 826 excussis
260 768 418 846 pretioque
441 786 542 826 eorum
567 765 728 824 constituto
748 766 895 844 scriptura
915 767 1042 845 primum
1065 768 1103 827 ad

100 851 195 909 solam
217 850 306 910 fidem
329 860 360 910 et
386 851 597 910 auctoritatem
618 847 762 907 librorum
784 858 957 922 revocetur,
993 850 1103 910 deinde

101 934 278 1010 conjectura
295 935 485 1007 emendetur,
508 933 539 992 id
555 931 690 991 adhunc
706 932 785 991 diem
800 934 913 992 factum
930 953 991 992 non
1009 942 1055 993 est
1071 936 1102 993 in

99 1017 145 1075 his
162 1018 291 1094 hymnis,
311 1038 403 1097 quum
416 1036 517 1095 neque
533 1015 654 1075 codices
670 1017 744 1076 satis
763 1025 904 1076 accurate
920 1025 1023 1076 essent
1042 1018 1101 1077 col·

99 1100 154 1158 lati
180 1120 282 1180 neque
309 1121 369 1180 quo
399 1103 534 1182 quisque
555 1100 621 1158 loco
646 1098 804 1179 habendus
826 1108 914 1159 esset
939 1109 1101 1162 constaret.

99 1182 190 1260 Quod
205 1193 238 1243 ut
251 1184 374 1245 tandem
384 1193 467 1244 recte
479 1185 575 1256 fieret,
591 1182 839 1244 Schneidewinus
852 1203 974 1262 operam
988 1185 1102 1262 impen-

99 1265 186 1326 derat
204 1269 444 1346 impigerrimam.
487 1269 558 1346 Ipse
582 1265 753 1325 contulerat
773 1287 846 1326 cura
871 1266 1102 1343 diligentissima

99 1350 234 1410 codicem
248 1353 498 1424 Moscoviensem,
517 1359 547 1410 et
562 1350 600 1409 ab
619 1350 751 1408 amicitia
762 1351 888 1409 Henrici
899 1351 996 1410 Keilii
1008 1353 1046 1412 V.
1055 1350 1101 1411 Ol.

97 1434 326 1512 impetraverat,
348 1444 381 1495 ut
403 1437 430 1494 is
451 1437 483 1493 in
504 1436 613 1492 itinere
627 1434 736 1491 Italico
757 1433 881 1493 duorum
897 1434 1040 1494 librorum
1059 1436 1101 1494 le-

98 1517 214 1577 ctiones
229 1521 340 1595 primus
357 1527 507 1592 enotaret,
525 1517 648 1577 alterius
664 1518 870 1590 Laurentium,
889 1519 1012 1578 alterius
1028 1518 1100 1577 Am-

96 1600 240 1660 brosiani.
291 1603 356 1662 Has
382 1602 561 1661 collationes
586 1609 786 1679 posteaquam
813 1621 852 1661 ex
876 1601 1116 1662 Schneidewini'

96 1683 182 1743 libris
201 1687 374 1765 comparavi
396 1706 451 1764 pcr
467 1686 629 1744 Ernestum
652 1683 689 1742 de
704 1685 853 1758 Leutsch,
872 1694 1102 1762 praeceptorem

97 1767 128 1825 in
143 1789 190 1828 me
202 1769 531 1840 benevolentissimum,
548 1775 610 1826 tum
627 1767 744 1826 demum
757 1767 898 1843 judicare
910 1770 1005 1845 potui,
1022 1789 1101 1848 quae

97 1852 147 1909 via
164 1871 200 1910 ac
214 1853 291 1912 ratio
309 1860 411 1911 textus
429 1872 517 1931 quem
529 1859 639 1909 vocant
657 1850 858 1909 constituendi
873 1852 904 1909 in
920 1853 966 1911 his
980 1852 1100 1933 hymnis

97 1943 178 1994 esset
192 1935 403 2013 ingredienda.
435 1934 498 1996 Sed
513 1934 651 2015 quoniam
667 1934 836 1992 institutum
851 1934 941 2012 hujus
960 1935 1100 1995 editionis

96 2038 144 2076 me
159 2039 220 2077 ncn
235 2020 305 2079 sinit
320 2019 371 2078 vel
386 2019 517 2078 omnium
530 2017 673 2076 librorum
689 2017 796 2076 afferre
811 2017 959 2079 lectiones
971 2019 1022 2078 vel
1035 2039 1093 2078 ean

96 2120 187 2178 quam
203 2103 275 2161 mihi
294 2102 452 2161 informavi
470 2101 650 2161 sententiam
671 2099 708 2159 de
726 2102 874 2178 scriptura
890 2101 1025 2161 codicum
1044 2098 1095 2160 eli·

95 2185 196 2261 genda
212 2187 395 2263 argumentis
418 2195 448 2244 et
470 2182 645 2243 disserendo
662 2184 871 2262 comprobare,
896 2205 983 2262 spero
999 2206 1046 2245 me
1062 2186 1099 2245 iis

96 2269 148 2346 qui
163 2268 240 2328 haec
257 2269 426 2327 accuratius
449 2269 573 2345 cupient
591 2287 773 2344 cognoscere
789 2269 1013 2327 satisfacturum
1032 2289 1099 2329 esse

96 2350 229 2412 editione
244 2353 349 2430 majori
362 2371 439 2410 anno
452 2352 598 2429 proximo,
613 2352 638 2409 si
651 2349 725 2409 deus
738 2352 841 2409 faveat
857 2352 1010 2430 officiique
1022 2353 1098 2411 ratio

94 2436 272 2514 permiserit,
289 2435 452 2513 proditura.
496 2435 619 2492 Interea
636 2433 823 2492 hortantum
843 2436 988 2494 monitum
1007 2434 1099 2494 velim

95 2518 204 2577 falsam
227 2539 293 2578 esse
317 2539 352 2577 ac
374 2519 467 2597 plane
484 2516 679 2576 evertendam
703 2517 874 2594 opinionem
896 2538 975 2596 quae
991 2518 1098 2577 iudea

94 2601 271 2661 Ruhnkenii
282 2602 464 2680 temporibus
474 2600 603 2660 invaluit
616 2600 653 2658 de
663 2602 850 2677 praestantia
860 2601 973 2661 codicis
980 2602 1098 2662 Mosco-

94 2686 216 2744 viensis.
253 2687 313 2744 Hic
330 2686 408 2745 enirn
424 2685 501 2744 liber
517 2685 572 2745 etsi
590 2703 629 2743 ex
645 2684 728 2742 fonte
743 2703 817 2760 puro
834 2685 979 2761 originem
995 2687 1097 2756 traxit,

93 2776 199 2847 postea
211 2770 242 2827 in
258 2769 334 2828 locis
348 2777 378 2827 et
392 2769 472 2828 sanis
489 2778 520 2828 et
536 2768 683 2844 corruptis
697 2768 740 2826 ita
755 2769 929 2846 inquinatus
945 2777 991 2828 est
1006 2771 1097 2828 inter·

93 2851 296 2928 polationibus
309 2852 536 2924 molestissimis,
552 2860 585 2911 ut
597 2850 676 2910 solus
687 2871 743 2928 per
759 2871 792 2910 se
806 2851 921 2911 nullam
934 2852 1022 2911 fidem
1036 2873 1097 2913 me·
1141 2864 1143 2868 ⁴

93 2943 205 2994 reatur.
257 2934 379 2994 Summa
406 2944 505 2994 autem
526 2935 688 2994 auctoritas
707 2933 867 2994 tribuenda
895 2945 941 2996 est
960 2937 1096 2996 Lauren·

93 3021 186 3092 tiano,
203 3019 255 3098 qui
270 3018 380 3079 menda
395 3018 520 3078 exhibet
534 3019 671 3098 plurima,
686 3017 851 3098 locupletia
867 3017 913 3096 (ut
928 3020 970 3078 ita
985 3018 1096 3098 dicam)

92 3102 230 3161 sincerae
249 3104 415 3180 scripturae
430 3104 611 3174 testimonia,
630 3120 744 3160 vacuus
762 3110 809 3162 est
828 3123 846 3160 a
862 3103 1098 3164 correctionibus

92 3187 252 3264 importuni
272 3186 410 3246 doctoris.
455 3186 535 3245 Nam
548 3205 626 3266 quae
644 3185 683 3243 ad
697 3187 863 3262 marginem
878 3187 1026 3247 lectiones
1044 3206 1096 3267 ap-

92 3271 194 3347 pictae
210 3279 289 3344 sunt,
306 3289 372 3329 eam
387 3269 571 3347 singularem
589 3267 795 3329 condicionem
810 3269 934 3344 habent,
949 3279 983 3329 ut
996 3290 1097 3350 neque

93 3373 132 3411 ex
149 3355 270 3431 ingenio
286 3357 483 3431 provenerint
497 3355 600 3413 nescio
617 3353 705 3429 cujus
722 3355 910 3429 grammatici
930 3374 1030 3434 neque
1049 3373 1095 3412 er·

92 3437 153 3494 rori
170 3437 236 3516 (qui
251 3438 343 3497 mirus
357 3446 467 3513 regnat
484 3437 516 3496 in
533 3439 581 3496 his
593 3434 695 3512 rebus)
715 3437 859 3513 originem
876 3436 1023 3509 debeant,
1041 3436 1095 3495 sed

91 3520 187 3600 pluris
208 3519 415 3582 aestimandae
437 3523 498 3580 sint
520 3539 610 3599 quam
637 3539 716 3599 quae
744 3521 775 3579 in
797 3521 939 3579 continua
954 3539 1097 3578 versuum
