2376 3900
413 212 459 262 ιν.
483 212 546 262 mn
563 210 786 263 ΑοΡοΔΙΤΗΝ.
1058 203 1098 266 39

126 456 127 459 ¹
148 363 194 435 ‘t'
209 374 277 456 ἔχε,
298 365 452 446 Μαιάδος
466 366 534 453 υίὲ,
556 368 611 435 καὶ
625 361 810 454 ἀγραύλους
822 372 931 449 ἕλικας
945 355 1035 459 βοῦς,

103 463 125 520 '¹³³
164 495 222 548 ους
235 465 266 537 τ’
281 465 487 556 ἀμφιπόλευε
500 469 556 536 καὶ
570 463 726 554 ἡμιόνους
739 472 955 559 ταλαεργούς·

104 586 110 618 ¹
131 607 144 630 ι
155 572 167 638 λ
179 585 352 659 χαροποῖσι
366 572 478 638 λέουσι
491 571 547 637 καὶ
561 565 753 657 ἀργιόδουσι
765 570 879 640 σύεσσι

126 673 244 740 ιλκυσλ
258 672 314 740 καλ
326 670 496 758 μήλοισιν,
517 669 579 739 ὅσα
591 672 705 758 τρέφει
719 668 831 760 εύρεία
844 672 961 760 χθάν,]
1046 690 1096 747 570

87 814 92 853 ;
124 776 179 841 οἶσι
194 771 226 842 δ’
241 776 294 842 έπλ
308 771 523 861 προβάτοισιν
536 770 694 842 ἀνάσσειν
708 771 849 861 κύδιμον
858 771 995 864 Ἑρμῆν·

104 874 170 943 ιίον
189 871 222 942 δ’
238 881 285 954 είς
296 872 408 961 Ἀίδην
420 877 651 962 τετελεσμένον
665 871 806 961 ἀγγελον
820 875 916 963 εἶναι,

104 973 169 1043 ιστ’
184 973 301 1055 άδοτός
315 1000 376 1064 περ
392 972 456 1044 ἐόν
472 973 569 1044 δύσει
584 977 681 1064 γέρας
695 970 756 1044 ούκ
771 977 950 1064 ἐλάχιστον.

73 1090 74 1093 ’
176 1074 273 1146 Ούτοι
287 1076 442 1155 Μαιάδος
455 1074 530 1146 υίόν
543 1075 624 1159 άναξ
638 1081 795 1164 ἐφίλησεν
806 1075 973 1148 Ἁπόλλων

97 1187 237 1268 παντοίῃ
252 1177 416 1266 φιλότητι·
437 1178 534 1268 χάριν
548 1177 581 1248 δ’
596 1181 740 1264 ἐπέθηκε
752 1185 917 1269 Κρονίων
1046 1196 1097 1252 575

97 1285 177 1348 πᾶσι
193 1279 225 1349 δ’
240 1278 298 1368 όγε
310 1291 464 1367 θνητοῖσι
477 1282 532 1349 καὶ
548 1278 765 1349 ἀθανάτοισιν
779 1276 893 1370 ὁμιλεῖ.

68 1474 70 1478 ⁴
96 1386 208 1470 παῦρα
221 1383 283 1471 μὲν
296 1372 358 1450 ούν
372 1379 502 1468 ὀνίνησι
510 1434 520 1469 ,
539 1380 575 1450 τό
591 1379 623 1450 δ’
639 1379 775 1469 άκριτου
788 1379 986 1472 ἠπεροπεύει

59 1508 72 1580 Γᾗῇ·
95 1483 201 1552 νύκτα
216 1481 263 1552 δι’
278 1479 443 1572 ὀρφναίην
457 1487 547 1569 φύλα
561 1487 695 1571 θνητόν
709 1479 908 1572 ἀνθρώπων.

171 1587 239 1654 Καὶ
252 1583 295 1654 σύ
307 1585 369 1672 μὲν
382 1582 468 1653 ούτοι
482 1601 592 1674 χαίρε,
613 1582 694 1663 Διὸς
708 1587 763 1653 καλ
780 1586 935 1665 Μαιάδος
948 1587 1015 1655 υίέ·

95 1682 199 1775 αύτάρ
213 1684 277 1774 έγολ
290 1687 346 1754 καὶ
360 1702 429 1754 σείο
443 1688 499 1754 καὶ
512 1684 611 1773 άλλης
624 1683 766 1774 μνήσομ’
782 1683 902 1774 ἀοιδῆς.
1043 1704 1095 1758 580

562 2014 620 2078 IV.

437 2151 498 2201 υιΣ
521 2149 743 2202 ιΦΡοΔιΤΗΝ.

170 2290 294 2360 Μούσά
306 2318 361 2379 μοι
376 2298 492 2360 έννεπε
506 2299 585 2380 ἔργα
598 2290 807 2379 πολυχρύσου
818 2288 1021 2380 Ἀφροδίτης,

93 2392 283 2482 Κύπριδος,
307 2390 364 2480 ήτε
377 2403 509 2462 θεοῖσιν
522 2394 576 2462 ἐπὶ
589 2388 717 2478 γλυκύν
730 2396 845 2480 ἵμερον
859 2384 955 2480 ύρσε,

92 2502 151 2563 καί
162 2492 193 2562 τ’
209 2491 413 2583 ἐδαμάσσατο
428 2500 518 2582 φύλα
532 2496 750 2579 καταθνητῶν
764 2491 981 2582 ἀνθρώπινα·

91 2595 231 2676 οἰωνούς
244 2623 279 2665 τε
294 2599 457 2676 διιπετέας
471 2598 527 2665 καὶ
539 2602 643 2684 θηρία
657 2593 775 2682 πάντα,

91 2694 175 2785 ήμλν
188 2697 240 2766 όσ’
255 2696 388 2788 ήπειρος
402 2695 507 2767 πολλοὶ
520 2700 633 2785 τρέφει
648 2693 703 2783 ήδ’
718 2694 780 2765 όσα
793 2696 927 2777 πόντος·
1075 2716 1090 2767 5

92 2804 194 2868 πᾶσιν
208 2798 242 2868 δ’
258 2809 337 2888 ἔργα
351 2803 495 2889 μέμηλεν
509 2797 715 2885 ἐϋστεφάνου
729 2806 926 2888 Κυθερείης.

90 2899 225 2989 τρισσὰς
240 2898 272 2969 δ’
287 2899 328 2970 ού
343 2899 481 2969 δύναται
496 2911 653 2968 πεπιθεῖν
667 2903 790 2988 φρένας
803 2897 878 2968 οὐδ’
893 2897 1071 2987 ἀπατῆσαι·

90 3002 217 3092 κούρην
231 2999 261 3071 τ’
277 3001 435 3090 αίγιόχοιο
449 2999 546 3087 Διὸς,
565 2998 772 3087 γλαυκόπιδ
785 2998 946 3088 Ἀθήνην·

89 3101 131 3179 ού
147 3104 210 3194 γάρ
224 3109 260 3174 οί
269 3101 351 3173 ἅδεα
365 3112 445 3193 ἔργα
462 3101 671 3190 πολυχρύσου
682 3099 885 3191 Ἀφροδίτης,

90 3202 165 3275 ἀλλ’
181 3204 245 3296 ἀρα
258 3209 294 3275 οί
303 3205 441 3294 πόλεμοί
451 3233 487 3273 τε
500 3201 584 3272 ἀδον
597 3204 652 3272 καὶ
666 3201 896 3291 έργουἍρηος,
1059 3221 1089 3272 10

89 3303 230 3396 ύσμίναί
239 3336 275 3376 τε
288 3307 388 3395 μάχαι
401 3334 454 3391 τε,
476 3307 531 3375 καὶ
545 3302 651 3392 ἀγλαά
665 3302 735 3392 ἔργ’
751 3301 934 3392 ἀλεγύνειν.

91 3407 203 3498 πράτη
217 3412 371 3488 τέκτονας
385 3405 509 3496 ἀνδρας
524 3409 736 3491 ἐπιχθονίους
751 3408 879 3487 ἐδίδαξε

90 3516 223 3602 ποιήσαι
238 3519 371 3590 σατίνας
384 3536 420 3578 τε
433 3511 489 3578 καὶ
502 3504 631 3595 ἀρματα
645 3514 775 3574 ποικίλα
788 3508 908 3598 χαλκῷ.
