2376 3900
89 203 129 264 20
331 219 369 269 11.
388 219 450 269 ΕΙΣ
465 217 670 272 ΑΠΟΛΛΩΝΑ
686 218 839 273 ΠΤοΙοΝ.

90 371 227 461 ἄκμητοι
243 372 278 441 δὲ
292 372 397 460 λόφον
410 375 576 461 προσέβαν
589 375 687 442 ποσὶν
695 425 704 459 ,
726 374 807 456 αἶψα
822 373 854 442 δ’
869 381 980 447 ἵκοντο
1013 385 1088 465 [520]

90 473 269 561 Παρνησὸν
283 475 338 542 καὶ
351 480 458 562 χοῖρον
472 473 651 564 ἐπήρατον,
673 472 748 543 ἔνθ’
764 473 819 564 ἀρ’
835 484 971 564 ἔμελλον

91 574 236 662 οἰκήσειν
250 583 397 653 πολλοῖσι
410 579 571 664 τετιμένοι
585 573 808 664 ἀνθρώποισι·

92 680 177 757 δεῖξε
192 673 223 743 δ’
238 674 329 763 ἀγων
343 673 466 745 ἀδντον
480 676 599 759 ζάθεον
611 678 666 745 καὶ
679 684 777 745 πίονα
790 677 881 764 νηόν.
1033 700 1085 754 345

91 781 163 870 τάνΙ
174 774 206 844 δ’
222 773 357 865 ὠρίνετο
372 776 480 867 θυμὸς
494 780 543 846 ἐνὶ
556 778 714 866 στήθεσσι
727 787 869 864 φίλοισι·

91 876 148 945 τὸν
161 880 216 946 καὶ
229 874 439 966 ἀνειρόμενος
452 886 593 966 Κρητων
607 905 684 964 αγος
697 904 810 947 αντιον
824 876 927 966 ηὔδα·
1010 889 1086 968 [525]

162 968 203 1045 Ὦ
217 976 282 1063 ἀν’,
304 978 417 1065 ἐπειδὴ
431 985 505 1066 τήλε
520 987 626 1067 φίλων
639 982 695 1048 καὶ
708 984 864 1065 πατρίδος
878 991 951 1068 αίης

91 1076 224 1166 ἤγαγες·
246 1077 331 1147 οὕτω
346 1105 411 1147 που
425 1087 470 1170 τῷ
484 1085 532 1171 σῷ
546 1089 645 1166 φίλου
658 1088 772 1150 ἔπλετο
786 1086 887 1177 θυμῷ
895 1101 902 1116 ·

49 1242 51 1247 ,
92 1184 159 1258 πως
172 1181 226 1248 καί
240 1184 304 1248 νῦν
317 1180 496 1268 βιόμεσθα;
519 1181 555 1249 τό
569 1201 607 1249 σε
620 1181 803 1270 φράζεσθαι
817 1178 980 1269 ἀνωγμεν.
1033 1202 1085 1257 350

92 1275 106 1313 *
120 1278 197 1348 οὔτε
210 1281 416 1369 τρυγηφόρος
430 1280 488 1368 ήδε
501 1279 535 1369 γ’
551 1281 709 1370 ἐπήρατος
723 1279 795 1349 οὔτ’
811 1279 981 1371 εὐλείμων,

92 1377 170 1449 ὥστ’
186 1378 250 1449 ἀπό
263 1379 294 1450 τ’
311 1374 350 1451 εὖ
364 1382 457 1465 ζώειν
467 1385 522 1452 καὶ
535 1380 593 1469 ἀμ’
604 1380 832 1471 ἀνθρώποισιν
844 1379 991 1470 όπηδείν.
1010 1391 1086 1470 [530]

95 1545 98 1549 .
170 1481 253 1562 Τοὺς
268 1480 299 1551 δ’
315 1484 523 1571 ἐπιμειδήσας
537 1486 685 1571 προσέφη
697 1481 779 1563 Διὸς
792 1482 862 1563 υίὸς
873 1480 1056 1555 Ἀπόλλων·

90 1583 214 1671 Νήπιοι
228 1582 418 1672 ἀνθρωττοι,
441 1584 678 1672 δυστλήμονες,
696 1593 730 1653 οἳ
741 1590 926 1672 μελεδῶνας

89 1683 250 1771 βούλεσθ’
264 1682 444 1774 ἀργαλέους
457 1714 491 1754 τε
505 1685 627 1766 πόνους
642 1687 698 1754 καὶ
711 1693 840 1755 στείνεα
853 1692 968 1777 θυμῷ·
1033 1704 1085 1759 355

91 1788 221 1873 ῥηίδιον
234 1794 311 1866 ἔπος
327 1783 410 1875 ὔμμ’
425 1789 505 1875 ἐρέω
519 1789 575 1855 καὶ
588 1790 641 1856 ἐπὶ
655 1789 752 1874 φρεσὶ
765 1785 874 1873 θήσω,

91 1889 239 1976 δεξιτερῇ
252 1886 330 1974 μόλ’
344 1891 478 1966 ἕκαστος
493 1895 576 1974 ἔχων
591 1891 627 1957 ἐν
640 1890 723 1974 χειρὶ
736 1885 910 1975 μάχαιραν,
1010 1894 1085 1973 [535]

15 2002 24 2009 ”
90 1987 226 2073 σφάζειν
239 1991 303 2057 αἰεὶ
318 1993 419 2077 μήλα·
441 1987 480 2056 τά
495 1986 526 2056 δ’
536 1987 677 2076 ,ἀφθονα
692 1988 799 2057 πάντα
813 1991 981 2075 παρέσται,

89 2085 171 2156 ὅσσα
185 2093 260 2177 ἐμοί
270 2086 304 2156 κ’
318 2086 464 2175 ἀγάγωσι
477 2088 654 2177 περικλυτὰ
669 2087 750 2177 φῦλ’
765 2085 971 2178 ἀνθρώπων·

90 2188 171 2276 νηὸν
186 2191 222 2259 δὲ
236 2189 467 2278 προφύλαχθε,
489 2191 627 2278 δέδεχθε
642 2190 678 2259 δέ
693 2187 775 2277 φῦλ’
790 2187 992 2278 ἀνθρώπων,
1032 2207 1086 2263 360

42 2346 50 2361 .
91 2289 209 2359 ἐνθάδ’
223 2288 446 2381 ἀγειρομένων
460 2293 514 2361 καὶ
529 2291 610 2379 ἐμήν
624 2290 706 2361 ίθόν
719 2318 754 2360 τε
766 2290 912 2378 μάλιστα.

90 2399 120 2461 εί
134 2396 173 2460 δέ
183 2421 214 2460 τι
227 2391 363 2482 τηΰσιον
381 2400 457 2473 ἔπος
477 2401 620 2478 ἔσσεται,
644 2389 684 2479 ήέ
694 2420 724 2460 τι
739 2399 846 2479 ἔργον,
1008 2398 1086 2478 [640]

90 2490 185 2580 ὕβρις
198 2490 247 2579 θ’,
269 2492 289 2581 ή
302 2498 399 2582 θέμις
413 2496 480 2563 ἐστὶ
494 2498 712 2581 καταθνητῶν
725 2489 926 2579 ἀνθρώπων,

90 2589 183 2661 ἀλλοι
198 2593 308 2663 ἔπειθ’
324 2593 406 2683 ὑμῖν
419 2594 619 2683 σημάντορες
634 2592 752 2682 ἀνδρες
767 2601 907 2680 ἔσονται,

63 2738 66 2744 ·
90 2698 156 2762 των
169 2691 228 2763 ὑπ’
244 2693 406 2783 ἀναγκαίη
423 2694 623 2783 δεδμήσεσθ’
638 2693 743 2782 ἤματα
757 2695 872 2764 πάντα.
1034 2711 1085 2767 365

91 2805 219 2882 εἴρηταί
228 2824 278 2865 τοι
292 2797 415 2865 πάντα·
435 2794 477 2863 σδ
492 2797 528 2864 δὲ
542 2799 640 2884 φρεσὶ
653 2799 729 2882 σῇσι
744 2796 895 2883 φύλαξαι.

167 2899 232 2965 ΚαὶΙ
245 2895 287 2964 σύ
300 2896 362 2984 μὲν
376 2894 461 2964 οὕτω
475 2913 585 2982 χαίρε,
608 2895 689 2975 Διὸς
703 2899 757 2965 καὶ
771 2901 900 2986 Λητοῦς
913 2899 993 2967 οἰδ·
1010 2898 1086 2982 [646]

89 2991 192 3084 αάτάρ
207 2996 270 3083 ἐγω
285 2999 340 3068 καὶ
354 3013 423 3066 σείο
438 2998 493 3064 καὶ
507 2995 604 3083 ἀλλης
618 2995 757 3084 μνήσομ’
773 2995 895 3086 ἀοιδῆς.

481 3278 678 3290 m———c-n
