2376 3900
344 232 366 282 Ι.
390 231 452 282 ΕΙΣ
470 227 677 282 ΑΠΟΛΛΩΝΑ
691 229 841 282 ΔΗΛΙΟΝ.
1072 220 1090 278 7

91 393 129 460 ἐκ
144 386 177 458 δ’
192 396 290 478 έθορε
303 386 366 478 πρό
385 385 532 474 φόωσδε·
551 387 630 454 θεαὶ
645 380 677 453 δ’
692 381 853 469 ὀλόλυξαν
870 385 1003 460 ἅπασαι.

159 488 267 559 Ἔνθα
281 493 334 577 σέ,
355 486 406 576 ήιε
421 495 541 574 Φοῖβε,
561 488 641 555 θεαὶ
656 485 734 557 λόον
747 484 845 557 ύδατι
858 496 950 582 καλῷ
1039 511 1090 563 120

90 589 199 680 ἀγνώς
212 594 268 661 καὶ
281 595 454 680 καθαραῖς,
475 587 625 677 σπάρξαν
639 585 672 657 δ’
688 592 725 657 ἐν
738 589 841 679 φάρει·
850 598 970 684 λευκῷ,

90 698 218 785 λεπτῷ,
238 695 404 784 νηγατέῳ·
425 694 501 782 περὶ
516 691 552 760 δέ
564 691 705 778 χρύσεον
719 691 865 780 στρόφον
877 684 971 780 ήκαν.

90 791 169 863 οὐδ’
184 792 240 883 ἀρ’
253 792 442 863 Ἀπόλλωνα
454 791 622 883 χρυσάορα
636 792 762 880 θήσατο
777 793 893 882 μήτηρ,

89 893 174 965 ἀλλά
188 898 288 985 (θέμις
301 899 421 984 νέκταρ
435 923 471 965 τε
485 897 541 965 καὶ
554 890 738 982 ἀμβροσίην
752 894 925 984 ἐρατεινήν
996 901 998 904 ’

90 995 271 1077 ἀθανάτοις
284 1005 449 1086 χείλεσσιν
461 995 636 1086 ἐπήρξατο·
663 1012 757 1085 χαῖρε
772 998 808 1067 δέ
820 995 930 1085 Λητοδ,
1041 1018 1090 1070 115

91 1097 215 1168 οὕνεκα
228 1098 408 1187 τοξοφόρον
420 1100 477 1168 καί
489 1096 651 1189 καρτερόν
663 1096 739 1167 υίόν
752 1105 887 1168 ἔτικτεν.

168 1198 283 1289 Λύτόιρ
297 1199 412 1288 ἐπειδή
420 1253 430 1287 ,
453 1208 572 1287 Φοῖβε,
586 1202 753 1288 κατέβρως
766 1197 933 1289 ἄμβροτον
947 1201 1051 1292 εἶδαρ,

90 1299 132 1370 οὔ
146 1304 186 1372 σέ
195 1300 228 1390 γ’
244 1299 348 1371 ἔπειτ’
364 1312 458 1389 ίσχον
470 1301 603 1390 χρύσεοι
617 1300 754 1389 στρόφοι
768 1298 983 1392 ἀσπαίροντα,

90 1399 166 1472 οὐδ’
183 1410 230 1472 ἔτι
245 1403 348 1492 δεσμά
362 1400 394 1471 σ’
410 1411 524 1492 ἔρυκε,
543 1402 662 1472 λύοντο
677 1404 714 1473 δέ
727 1411 867 1492 πείρατα
880 1404 997 1474 πάντα.

91 1502 210 1573 αὐτίκα
226 1501 258 1575 δ’
273 1503 460 1592 ἀθανάτησι
475 1504 622 1593 μετηύδα
636 1513 759 1592 Φοῖβος
770 1503 951 1575 Ἀπόλλων
1043 1525 1091 1578 130

167 1613 231 1694 Είη
244 1633 299 1692 μοι
312 1613 446 1694 κίθαρίς
458 1633 494 1674 τε
507 1613 588 1692 φίλη
601 1608 657 1675 καί
670 1607 826 1694 καμπύλα
839 1606 926 1693 τόξα,

89 1705 200 1796 χρήσω
215 1705 248 1774 δ’
264 1704 474 1796 ἀνθρώποισι
488 1705 568 1786 Διός
580 1711 742 1795 νημερτέα
755 1709 889 1797 βουλήν.

160 1804 220 1888 Ὦς
235 1807 338 1878 είπόιν
352 1813 529 1896 ἐβίβασκεν
545 1810 599 1877 ἐπὶ
613 1807 733 1895 χθονός
747 1807 939 1898 εὐρυοδείης

92 1918 215 1997 Φοῖβος
228 1907 466 1999 ἀκερσεκόμης,
487 1908 699 1998 ἑκατηβόλος·
714 1915 751 1978 αί
764 1908 793 1979 δ’
808 1910 873 1998 ἀρα
886 1915 989 1979 παῖσαι

90 2012 242 2099 θάμβεον
254 2009 437 2081 ἀθάναται·
452 2017 565 2102 χρυσῷ
580 2008 611 2080 δ’
626 2009 690 2100 ἀρα
703 2017 814 2099 Δῆλος
827 2011 938 2082 άπασα
1041 2029 1089 2080 135

90 2109 227 2201 ήνθησ’,
250 2109 294 2192 ὡς
309 2111 363 2182 ότε
376 2140 408 2182 τι
424 2117 497 2203 βίον
510 2111 625 2200 ούρεος
637 2111 779 2182 ἀνθεσιν
792 2111 881 2202 ύλης.
1041 2129 1091 2183 139

167 2211 276 2293 Αύτός
289 2211 334 2300 δ’,
348 2210 546 2303 ἀργυρότοξε
557 2212 656 2299 ἀναξ,
672 2213 1026 2301 ἑκατηβόλ’Ἅπολλον,
1041 2230 1091 2283 140

90 2313 208 2384 ἄλλοτε
221 2318 282 2403 μέν
295 2312 327 2383 τ’
343 2317 398 2384 ἐπὶ
410 2315 554 2385 Κύνθου
568 2314 689 2402 ἐβήσαο
703 2315 952 2401 παιπαλόεντος,
1015 2390 1019 2395 ,

91 2415 207 2485 ἀλλοτε
222 2412 255 2484 δ’
270 2407 315 2484 αύ
328 2415 450 2503 νήσους
463 2443 499 2485 τε
512 2419 568 2486 καὶ
586 2413 705 2504 ἀνέρας
718 2412 904 2502 ἠλάσκαζες.
1023 2457 1026 2462 ·

90 2524 210 2586 πολλοί
220 2544 269 2585 τοι
282 2525 360 2605 νηοί
370 2545 406 2586 τε
419 2520 475 2587 καὶ
487 2513 587 2586 ἀλσεα
602 2516 819 2605 δενδρήεντα·

91 2623 195 2687 πᾶσαι
209 2619 246 2688 δδ
260 2626 397 2688 σκοπιαί
410 2645 446 2687 τε
460 2626 555 2707 φίλαι
568 2621 623 2688 καὶ
633 2617 781 2706 πρτόονες
794 2616 890 2707 ἀκροι

90 2717 230 2806 ὑψηλόν
242 2716 363 2808 ὀρέων,
384 2729 526 2809 ποταμοί
535 2717 574 2790 θ’
590 2718 692 2789 ἀλαδε
706 2723 917 2808 προρέοντες·
1040 2737 1091 2790 145

91 2819 175 2890 ἀλλά
189 2819 231 2889 σύ
244 2820 363 2912 Δήλῳ,
386 2829 505 2909 Φοῖβε,
526 2817 657 2908 μάλιστ’
672 2824 861 2909 ἐπιτέρπεαι
873 2812 963 2911 ήτορ,

91 2930 177 2992 ἔνθα
189 2949 240 2990 τοι
253 2925 462 3010 ἑλκεχίτωνες
472 2919 590 3001 Ἰάονες
603 2920 820 3010 ἠγερέθονται

91 3021 203 3102 αύτοϊς
216 3021 280 3091 σόν
293 3029 450 3112 παίδεσσι,
460 3026 516 3093 καί
529 3029 655 3112 αἰδοίης
669 3021 845 3111 ἀλόχοισιν.

90 3129 126 3193 σί
138 3127 178 3193 δέ
188 3144 225 3192 σε
239 3134 407 3214 πυγμαχίη
421 3152 457 3193 τε
469 3127 526 3193 καὶ
538 3122 698 3214 ὀρχηθμῷ
709 3127 766 3194 καὶ
779 3123 878 3217 ἀοιδή

90 3225 294 3313 μνησάμενοι
307 3230 500 3314 τέρπουσιν,
523 3224 603 3294 όταν
616 3225 800 3314 στήσωνται
816 3222 939 3314 ἀγῶνα.
1042 3244 1092 3295 150

89 3370 241 3448 βεβρίθει,
265 3374 426 3449 καθορῶσα
443 3364 516 3444 Διός
532 3373 652 3448 Λητοῦς
666 3392 696 3431 τε
712 3370 867 3450 γενέθλην,
1041 3383 1092 3436 136

90 3449 262 3534 γηθοσύνη,
285 3448 329 3515 ότι
343 3478 395 3533 μιν
408 3446 479 3526 θεὸς
494 3454 587 3514 είλετο
601 3455 679 3514 οἰκία
692 3454 805 3515 θέσθαι

90 3531 189 3612 νήσων
203 3530 325 3619 ήπείρον
339 3559 384 3614 τε,
405 3539 508 3617 φίλησε
524 3535 556 3597 δέ
571 3530 681 3617 κηρόθι
696 3539 816 3615 μᾶλλον.
