2376 3900
118 208 159 273 74
194 225 254 276 xx.
277 223 340 274 ΙιΙΣ
357 220 559 272 Hammon.
596 221 668 272 ΙΙΙ.
694 221 756 272 Em
774 217 982 272 Απόλλωνα
1001 224 1055 271 etc.

579 403 659 468 XX.

477 508 763 581 ΕΙΣΙΙΦΙΙΣΙΟΙ.

185 651 370 742 Ἥφαιστον
384 651 583 741 κλυτόμητιν
596 650 720 739 άείσεο,
736 656 861 723 Μοῦσα
874 659 993 741 λίγεια,

115 753 153 837 ὃς
166 753 239 845 μετ’
257 753 433 843 Ἀθηναίης
447 755 678 842 γλαυκώπιδος
691 751 797 842 άγλαά
810 761 891 843 ἔργα

118 855 319 949 ἀνθρώπους
333 860 485 940 ἐδίδαξεν
499 858 554 926 ἐπὶ
567 855 706 946 χθονός,
729 865 764 927 οδ
774 855 810 926 τό
824 856 929 947 πάρος
942 884 1005 947 περ

118 959 251 1050 ἄντροις
265 957 484 1029 ναιετάασκον
498 962 535 1028 ἐν
549 959 702 1049 οὔρεσιν,
716 956 795 1048 ἠΰτε
808 964 920 1049 θῆρες.

116 1068 181 1131 νῦν
196 1064 233 1132 δὲ
248 1059 294 1132 δι’
306 1059 494 1149 Ἥφαιστον
507 1065 727 1151 κλυτοτέχνην
739 1069 819 1151 ἔργα
835 1063 968 1142 δαέντες
1111 1081 1128 1132 5

118 1167 254 1254 ῥηιδίως
268 1169 373 1233 αίώνα
386 1163 590 1254 τελεσφόρον
603 1171 651 1245 είς
664 1162 819 1234 ἐνιαυτόν

118 1263 250 1354 εὔκηλοι
267 1265 441 1354 διάγουσιν
455 1269 506 1336 ίνί
520 1270 706 1356 σφετέροισι
721 1265 881 1355 δόμοισιν.

185 1365 272 1436 Ἀλλ’
286 1373 368 1456 ίληθ
375 1365 394 1455 ’,
400 1365 579 1457 Ἥφαιστε·
600 1375 695 1438 δίδον
712 1364 745 1436 δ’
760 1364 882 1456 άρετήν
894 1395 930 1438 τε
943 1370 1000 1437 καί
1013 1365 1126 1458 όλβον.

570 1682 667 1747 XXI.

466 1820 528 1870 ΙΙΣ
552 1819 769 1872 ΙΙΙολιΙουλ.

195 1950 309 2029 Φοῖβε,
325 1942 361 2011 σὲ
373 1942 435 2031 μὲν
449 1943 505 2011 καί
518 1941 639 2023 κύκνος
652 1939 717 2012 ὑπὸ
731 1943 906 2030 πτερύγων
920 1939 991 2031 λίγ’
1006 1940 1124 2031 άείδει,

115 2042 203 2132 ὄχθῃ
218 2043 439 2132 ἐπιθρώσκων
453 2041 602 2133 ποταμόν
616 2043 705 2135 πάρα
720 2044 886 2133 δινήεντα,

116 2145 277 2234 Πηνειόν·
300 2146 336 2215 σὲ
352 2142 384 2214 δ’
400 2143 512 2239 άοιδός
526 2155 610 2234 ἔχων
624 2146 792 2236 φόρμιγγα
806 2155 934 2234 λίγειαν

115 2244 264 2336 ἡδυεπὴς
277 2246 410 2337 πρώτόν
423 2276 458 2317 τε
472 2250 528 2318 καὶ
541 2247 684 2318 ὕστατον
699 2248 771 2318 αίέν
785 2245 898 2318 άείδει.

194 2351 261 2418 Καὶ
275 2349 318 2419 σύ
331 2351 393 2439 μὲν
406 2349 492 2419 οὕτω
506 2367 615 2439 χαῖρε,
636 2349 735 2437 άναξ,
756 2356 871 2439 ἵλαμαι
886 2353 925 2420 δέ
937 2348 969 2418 σ’
984 2347 1123 2442 άοιδῇ.5

564 2663 678 2727 XXII.

460 2800 523 2851 ΕΙΣ
547 2798 774 2852 nomm.

189 2921 287 3013 Ἀμφδ
300 2922 538 3009 Ποσειδάωνα,
559 2921 643 2993 θεόν
657 2925 778 3012 μέγαν,
799 2920 917 3013 άρχομ’
932 2921 1069 3014 άείδειν,

113 3032 209 3113 γαίης
223 3030 384 3113 κινητῆρα
397 3027 453 3095 καὶ
467 3023 659 3115 άτρυγέτοιο
672 3024 855 3113 θαλάσσης,

114 3125 267 3214 πόντιον,
286 3125 322 3208 ός
334 3123 374 3195 θ’
384 3122 544 3196 Ἐλικώνα
557 3128 613 3196 καὶ
627 3123 757 3215 εὐρείας
772 3135 838 3216 ἔχει
853 3127 967 3215 Αίγάς.

115 3227 215 3315 διχθά
229 3255 297 3313 τοι,
316 3225 534 3317 Ἐννοσίγαιε,
555 3230 630 3298 θεοὶ
647 3227 744 3316 τιμὴν
758 3228 929 3317 ἐδάσαντο,

112 3335 226 3400 ἵππων
239 3357 277 3399 τε
288 3329 427 3420 δμητῆρ’
443 3339 574 3420 ἔμεναι,
597 3330 728 3420 σωτῆρά
741 3358 776 3399 τε
789 3337 889 3420 νηών.
1103 3349 1122 3403 5

189 3443 309 3519 Χαῖρε,
329 3439 518 3503 Ποσείδαον
533 3433 666 3522 γαιήοχε
680 3450 894 3521 κυανοχαῖτα,

112 3537 184 3622 καὶ,
205 3534 330 3624 μάκαρ,
354 3532 489 3624 εάμενδς
503 3528 581 3626 ἦτορ
596 3544 680 3623 ἔχων
693 3535 863 3605 πλώουσιν
878 3534 989 3625 άρηγε.
