2376 3900
96 173 135 234 40
409 187 455 237 ιν.
479 185 541 235 Em
558 185 780 237 ΑΦΡοΔΙΤΗκ.

96 341 117 432 ἣ
131 345 171 413 δέ
180 370 216 411 τε
231 338 435 431 παρθενικάς
449 337 655 430 ἁπαλόχροας
670 345 706 408 ἐν
719 340 911 429 μεγάροισιν

96 442 201 531 άγλαδι
216 440 285 531 ἔργ’
301 446 453 524 ἐδίδαξεν
467 445 520 511 ἐπὶ
539 444 637 531 φρεσὶ
650 453 750 511 θεῖσα
764 441 891 530 ἑκάστη.
1069 457 1104 513 15

17 544 18 553 ¹
96 543 177 615 οὐδέ
189 541 264 613 ποτ’
278 542 449 633 Ἀρτέμιδα
462 543 714 633 χρυσηλάκατον
725 541 921 631 κελαδεινήν

97 646 259 734 δάμναται
274 649 310 715 έν
324 645 474 733 φιλότητι
488 644 704 734 φιλομμειδὴς
716 642 900 733 Ἀφροδίτη.

96 750 151 818 καὶ
165 746 228 836 γάρ
242 750 284 835 τῇ
297 745 357 816 άδε
370 746 446 831 τόξα
462 749 518 816 καί
531 745 644 835 οάρεσι
656 752 765 834 θήρας
780 749 935 835 ἐναίρειν,

97 849 276 938 φόρμιγγές
289 875 324 917 τε
338 857 433 938 χοροί
442 875 478 916 τε
493 846 685 938 διαπρύσιοί
695 845 725 916 τ’
740 845 896 935 ὀλολυγαὶ

97 951 198 1022 άλσεά
210 979 245 1020 τε
259 948 411 1020 σκιόεντα
426 956 565 1019 δικαίων
578 976 613 1018 τε
629 947 741 1029 πτόλις
755 945 898 1038 άνδροῖν.

98 1051 176 1123 οὐδὲ
190 1052 252 1141 μὲν
266 1057 376 1140 αἰδοίη
390 1051 493 1141 κοόρη
508 1049 590 1121 άδεν
604 1047 675 1140 ἔργ’
689 1047 891 1139 Ἀφροδίτης,

92 1152 208 1242 Ἱστίη,
229 1151 272 1241 ήν
285 1153 419 1242 πρώτην
432 1156 542 1222 τέκετο
557 1152 686 1241 Κρόνος
700 1149 938 1239 ἀγκυλομήτης,

98 1256 253 1340 πότνιαν,
274 1251 316 1341 ήν
332 1258 477 1342 έμνιόντο
491 1253 688 1324 Ποσειδάων
700 1255 756 1323 καί
768 1250 947 1322 Ἀπόλλων·

97 1354 118 1446 ἡ
133 1356 169 1426 δὲ
182 1352 261 1445 μάλ’
276 1352 338 1424 οὐκ
352 1363 485 1443 έθελεν,
506 1354 588 1425 άλλδι
602 1360 741 1444 στερεάς
755 1351 926 1424 άπέειπεν·

100 1456 206 1547 ω’μοσε
222 1457 258 1525 δὲ
271 1460 375 1545 μέγαν
389 1455 505 1547 ὅρκον,
527 1454 547 1526 δ
561 1456 601 1546 δή
615 1458 842 1545 τετελεσμένος
857 1459 956 1542 ἐστὶν,

100 1557 250 1647 ἁψαμένη
265 1564 409 1646 κεφαλῆς
422 1558 544 1650 πατρὸς
559 1558 640 1639 Διὸς
654 1557 823 1646 αἰγιόχοιο,

99 1664 265 1751 παρθένος
279 1667 435 1730 ἔσσεσθαι
449 1659 547 1731 πάντ’
561 1659 683 1750 ήματα,
705 1666 760 1730 δῖα
773 1659 895 1729 θεάων.

98 1769 139 1852 τῇ
153 1763 189 1832 δὲ
203 1760 308 1850 πατήρ
323 1762 406 1842 Ζεὺς
421 1769 505 1833 δωκε
519 1762 622 1832 καλὸν
636 1764 733 1851 γέρας
747 1759 821 1830 άντὶ
833 1760 961 1849 γάμοιο,

99 1872 157 1933 καί
167 1892 203 1932 τε
217 1866 305 1954 μέσῳ
320 1874 400 1955 οἰκω
414 1861 487 1934 κατ’
503 1862 558 1952 ἄρ’
574 1869 658 1947 ἕζετο
673 1879 753 1952 πῖαρ
769 1865 895 1932 ἑλοῦσα.

98 1969 200 2034 πᾶσιν
215 1962 248 2032 δ’
265 1969 301 2032 έν
315 1981 424 2052 νηοῖσι
436 1970 529 2033 θεων
542 1965 692 2052 τιμάοχός
706 1969 785 2050 ἐστι,

98 2068 153 2135 καί
167 2064 255 2153 παρά
269 2069 348 2133 πάσι
362 2075 508 2154 βροτοῖσι
521 2070 612 2134 θεῶν
626 2069 805 2154 πρέσβειρα
818 2066 978 2133 τέτυκται.

98 2166 187 2235 τάων
200 2163 240 2235 οὐ
256 2165 394 2235 δύναται
408 2177 565 2236 πεπιθεῖν
579 2170 702 2256 φρένας
716 2162 791 2235 οὐδ’
806 2163 985 2253 άπατήσαι·

98 2273 165 2337 των
179 2265 212 2338 δ’
227 2265 336 2337 άλλων
349 2265 452 2358 οὕπερ
466 2297 498 2337 τι
511 2270 723 2357 πεφυγμένον
737 2263 803 2337 ἔστ’
818 2264 1015 2356 Ἀφροδίτην

98 2369 174 2441 οὔτε
187 2375 281 2440 θεοῖν
293 2371 451 2460 μακάρων
468 2367 545 2440 οὔτε
557 2375 694 2458 θνητῶν
708 2366 908 2457 άνθράπων.
945 2407 948 2411 ’
1063 2384 1098 2439 35

98 2481 156 2542 καί
169 2500 204 2541 τε
217 2473 321 2561 παρὲκ
335 2472 440 2561 Ζηνὸς
454 2472 534 2541 νόον
545 2469 647 2560 ήγαγε
661 2471 931 2560 τερπικεραύνου,

98 2572 173 2642 ὅστε
187 2572 337 2662 μέγιστός
350 2572 381 2640 τ’
397 2575 480 2659 ἐστὶ,
500 2580 653 2662 μεγίστης
667 2569 697 2641 τ’
714 2580 834 2661 ἔμμορε
847 2577 956 2660 τιμής·

98 2684 156 2744 καί
167 2701 202 2742 τε
216 2678 276 2742 τοῦ
284 2726 293 2759 ,
314 2665 388 2743 εὖτε
401 2677 511 2760 θέλοι,
533 2674 673 2754 πυκινὰς
687 2676 812 2762 φρένας
825 2677 1050 2761 ἐξαπαφοῦσα,

99 2781 234 2865 ῥηϊδίως
248 2778 401 2863 συνέμιξε
415 2781 643 2865 καταθνητῇσι
656 2777 819 2865 γυναιξὶν,

89 2875 192 2966 Ἥρης
210 2880 454 2963 ἐκλελαθοῦσα,
478 2877 676 2967 κασιγνήτης
689 2874 810 2965 άλόχου
823 2904 869 2964 τε,
1062 2893 1099 2945 40

97 2976 118 3066 ή
132 2982 215 3067 μέγα
230 2977 316 3058 εἶδος
330 2975 446 3067 άρίστη
460 2983 497 3048 ἐν
510 2978 697 3066 άθανάτησι
711 2983 817 3066 θεῇσι.

98 3086 258 3166 κυδίστην
272 3077 305 3147 δ’
320 3077 383 3170 άρα
397 3109 455 3169 μιν
467 3084 578 3151 τέκετο
592 3079 720 3167 Κρόνος
732 3075 968 3169 άγκυλομήιης,

98 3181 203 3271 μήτηρ
217 3209 252 3251 τε
261 3179 361 3271 Ῥείη·
380 3183 464 3262 Ζεδς
479 3178 512 3250 δ’
527 3179 655 3268 άφθιτα
668 3180 772 3270 μήδεα
788 3178 883 3260 είδάς

99 3288 230 3373 αἰδοίην
242 3282 362 3371 άλοχον
375 3285 532 3373 ποιήσατο
546 3279 639 3351 κέδν’
655 3288 794 3351 εἰδυῖαν.

96 3481 179 3568 αὖτις
196 3486 222 3555 δ’
240 3488 420 3569 ὁπλοτάτην,
436 3494 531 3577 βουλή
547 3481 619 3564 Διὸς
633 3484 784 3570 αἰγιόχοιο,
