2376 3900
102 182 169 232 VIII
495 181 710 234 PRAEFATIO.

103 334 182 394 serie
198 334 348 410 leguntur.
393 335 430 394 Id
446 335 526 415 quod
543 336 688 414 imprimis
708 335 809 395 elucet
823 336 869 395 his
886 337 969 411 locis,
988 339 1041 398 ubi
1056 348 1109 398 aut

103 438 197 478 novos
214 430 266 479 aut
284 441 405 500 prorsus
422 429 617 481 commutatos
632 439 737 478 versus
752 421 936 498 suppeditat,
958 442 1031 501 quos
1050 442 1108 500 ego

103 521 162 561 uno
174 515 303 583 excepto
315 505 390 578 loco,
406 503 458 563 ubi
471 523 562 563 66666
571 505 693 580 gravior
707 503 877 575 intercedit,
889 507 1108 583 praeferendos

104 586 247 664 vulgatae
266 599 296 648 et
312 591 344 647 in
359 589 494 648 ordinem
510 587 699 665 recipiendos
716 589 837 665 putavi;
856 588 928 647 vide
944 589 986 647 H.
1001 591 1106 667 Apoll.

103 671 195 748 Pyth.
215 669 290 744 1671,
307 681 366 747 344,
390 674 485 731 Marc.
501 681 561 744 288,
577 681 637 744 366,
653 680 713 734 663.
757 671 842 731 Idem
859 672 951 731 habet
965 692 1026 732 uno
1042 675 1109 733 loco

105 755 195 813 etiam
211 756 307 816 codex
327 756 560 827 Moscoviensis,
579 755 619 813 H.
636 757 729 814 Merc.
748 764 809 830 458,
824 764 884 831 459,
905 758 999 817 ceteri
1013 758 1107 818 nullo.

105 836 234 897 Omnino
250 842 343 918 igitur
357 849 419 900 6666
435 840 511 898 66616
530 840 698 918 scripturae
722 840 951 900 constituendae
972 842 1017 900 sic
1034 840 1107 900 defi-

104 922 216 980 nienda
240 933 300 997 est,
332 934 366 983 ut
386 924 529 1001 expensis
553 925 632 982 inter
656 943 688 982 se
714 932 745 982 et
767 923 898 1002 expletis
924 925 1107 984 lectionibus

103 1007 301 1065 Laurentiani
314 1017 343 1066 et
350 1006 570 1067 Moscoviensis
582 1007 768 1085 reperiemus
785 1006 858 1086 quid
874 1027 994 1087 quoque
1010 1009 1077 1067 loco
1090 1029 1108 1067 a

105 1092 253 1149 communi
265 1091 370 1149 horum
383 1091 525 1150 librorum
535 1099 662 1169 parente
676 1091 748 1149 olim
762 1091 854 1150 luerit
866 1094 1018 1170 scriptum,
1036 1092 1107 1151 reli-

105 1174 156 1252 qui
175 1182 274 1232 666666
291 1177 342 1252 661
360 1177 554 1234 innotuerunt
570 1173 691 1234 codices
707 1174 955 1253 (Ambrosianus,
974 1175 1108 1234 Parisini

103 1264 164 1315 tres
183 1257 264 1334 apud
279 1258 451 1333 Matthiam,
477 1257 570 1316 editio
589 1258 729 1336 princeps
747 1259 941 1331 Florentius,
961 1278 1039 1337 quae
1059 1279 1107 1317 co·

104 1339 180 1398 dicis
197 1342 292 1399 instar
305 1341 446 1401 habenda
460 1339 529 1418 est),
548 1344 619 1420 quia
634 1362 734 1420 neque
750 1343 819 1402 illos
834 1342 899 1400 ulla
914 1361 947 1401 re
963 1352 1109 1419 superant
1145 1385 1150 1394 ,

102 1425 249 1485 ,666661616
266 1425 342 1483 locis
362 1425 538 1485 correctoris
556 1445 677 1483 manum
699 1435 769 1485 sunt
785 1427 919 1504 experti,
939 1428 1109 1485 incensum

103 1526 161 1567 non
178 1510 312 1567 veniant.
355 1510 477 1569 Deinde
498 1528 571 1567 vcro
593 1511 624 1566 in
645 1509 721 1569 16616
737 1511 885 1588 corruptis
904 1518 934 1568 et
956 1510 1108 1569 lacunosis

83 1586 86 1594 ’
102 1592 248 1650 utendum
265 1601 312 1652 est
328 1595 509 1670 conjectura,
533 1612 612 1672 quae
628 1611 718 1672 quam
732 1593 795 1652 late
809 1600 915 1670 pateat
935 1594 966 1650 in
981 1593 1027 1651 his
1043 1613 1108 1651 car-

102 1676 232 1735 minibus
251 1677 421 1758 quibusque
443 1677 551 1737 finibus
568 1676 707 1754 regunda
723 1678 776 1750 sit,
800 1677 926 1735 difficile
948 1685 993 1735 est
1016 1675 1108 1735 dictu.

102 1759 182 1817 Nam
198 1768 267 1838 post
284 1769 327 1820 tot
341 1763 421 1820 viros
441 1770 472 1819 66
488 1760 627 1819 doctrina
643 1770 673 1819 66
691 1762 807 1837 ingenii
823 1761 961 1818 acumine
977 1761 1109 1818 maxime

102 1844 253 1919 insignes,
276 1846 329 1921 qui
351 1846 382 1902 in
404 1844 462 1901 hoc
485 1863 599 1919 genere
621 1844 826 1916 elaborarunt,
850 1844 1018 1901 Henricum
1041 1842 1108 1903 Ste-

102 1926 248 2004 phanum,
273 1927 465 1996 Barnesium,
492 1926 722 1997 Ruhnkenium,
747 1927 914 2002 Ilgenium,
939 1927 1108 1999 Matthiam,

102 2009 324 2084 Hermannum,
341 2010 491 2079 Vossium,
510 2008 685 2081 Frankium,
703 2008 971 2068 Schneidewinum
985 2041 1026 2052 -«
1040 2019 1110 2089 post

103 2092 207 2150 horum
228 2092 294 2150 dico
310 2112 432 2170 operam
452 2091 712 2168 diligentissimam
735 2094 906 2152 etiamnunc
924 2100 1042 2151 restant
1065 2102 1110 2153 tot

102 2175 162 2233 loci
177 2178 293 2252 aegroti
310 2185 340 2235 et
354 2176 541 2248 conclamati,
559 2183 593 2233 nt
607 2176 787 2235 medicinam
801 2186 954 2255 repertum
964 2177 1002 2235 iri
1016 2179 1109 2236 omni·

102 2259 158 2317 bus
173 2259 265 2334 plane
282 2259 504 2340 desperandum
519 2260 567 2320 616.
612 2258 733 2332 Omitto,
751 2259 971 2339 quodpropter
987 2259 1110 2319 dubiam

103 2351 135 2401 et
150 2342 306 2402 obscuram
323 2365 401 2424 quae
418 2352 463 2402 666
475 2343 513 2402 de
524 2342 700 2411 auctoribus
716 2352 746 2402 66
758 2342 796 2402 (16
809 2353 909 2403 666666
922 2345 1027 2402 horum
1044 2364 1109 2402 car-

103 2428 214 2486 minum
226 2431 398 2488 memoriam
414 2428 508 2486 multa
520 2447 598 2506 6666
610 2427 649 2485 ad
662 2427 825 2486 dialectum
840 2435 870 2487 66
884 2426 923 2485 ad
933 2429 1109 2486 universum

104 2530 199 2587 genus
215 2511 338 2571 dicendi
349 2513 511 2592 pertinent,
525 2511 702 2570 difficillime
715 2510 936 2587 dijudicantur3
953 2510 1031 2568 nihil
1043 2510 1111 2569 dico

104 2593 141 2652 de
160 2595 197 2653 iis
217 2595 462 2668 dubitationibus,
479 2614 557 2672 6666
569 2614 665 2672 nuper
677 2595 859 2653 exstiterunt
871 2593 909 2651 de
925 2594 1109 2670 argumentis

104 2677 313 2736 describendis
351 2688 381 2737 et
413 2677 452 2736 de
483 2679 617 2754 antiquis
647 2677 930 2755 interpolationibus
964 2678 1110 2753 majorum

103 2761 296 2841 hymnorum3
314 2781 393 2840 quae
410 2760 530 2840 quidem
547 2760 645 2818 omnia
658 2770 747 2838 prout
761 2760 843 2837 apud
859 2770 888 2820 66
908 2761 1109 2834 666661666616,

103 2865 245 2922 magnum
266 2844 417 2924 quoddam
441 2844 479 2902 ad
496 2843 646 2919 judicium
667 2845 834 2904 lectionum
855 2845 959 2903 valere
980 2863 1109 2904 necesse

105 2937 160 2987 666.
204 2930 271 3006 Ego
291 2938 390 2988 autem
407 2948 497 3007 quum
514 2927 727 3004 intelligerem,
744 2949 834 3007 quarn
849 2927 1008 3005 scopuloso
1028 2926 1109 2985 diffi-

104 3012 217 3090 cilique
232 3013 264 3071 in
278 3013 345 3072 loco
359 3032 507 3084 versarer,
526 3012 557 3069 in
572 3011 629 3068 hac
646 3010 779 3071 editione
790 3013 859 3070 6661
870 3010 1046 3090 quotidiano
1057 3010 1108 3069 de-

103 3095 216 3155 stinata
234 3098 277 3154 ita
292 3095 507 3156 moderandam
523 3095 597 3153 duxi
619 3095 767 3154 rationem
785 3097 935 3167 criticam,
956 3102 990 3152 ut
1007 3114 1109 3173 neque

103 3179 206 3238 sordes
225 3199 328 3239 omnes
347 3189 377 3239 et
396 3179 507 3240 menda
521 3179 711 3238 librariorum
725 3198 780 3256 per
802 3179 925 3238 saecula
940 3186 1109 3257 propagata

104 3263 213 3322 6661666
227 3284 390 3324 venerarer
407 3272 499 3342 atque
516 3264 631 3321 intacta
647 3262 850 3341 relinquerem
874 3262 1033 3340 (asterisco
1054 3281 1107 3320 no·

104 3348 159 3405 tati
176 3355 245 3405 6666
259 3349 281 3405 11
295 3348 363 3421 1661,
384 3367 510 3427 quorum
526 3346 648 3406 medela
662 3366 724 3405 non
741 3355 804 3405 erat
818 3347 850 3405 in
865 3355 993 3425 promtu,
1009 3365 1106 3404 remo·

104 3433 188 3510 tique
204 3451 221 3489 e
237 3439 380 3491 contextu
394 3450 498 3491 versus
516 3439 621 3508 aperte
637 3427 746 3507 spurii)
763 3449 864 3508 neque
882 3433 946 3508 ipse
963 3429 1110 3506 ingenioli

105 3514 278 3574 ostentandi
306 3535 398 3575 causa
425 3518 625 3591 intemperata
646 3513 772 3574 libidine
799 3513 992 3589 conjectandi
1016 3513 1108 3573 nimio
