<?xml version="1.0" encoding="UTF-8"?>
<!DOCTYPE html PUBLIC "-//W3C//DTD XHTML 1.0 Transitional//EN"
    "http://www.w3.org/TR/xhtml1/DTD/xhtml1-transitional.dtd">
<html xmlns="http://www.w3.org/1999/xhtml" xml:lang="en" lang="en">
 <head>
  <title>
</title>
<meta http-equiv="Content-Type" content="text/html;charset=utf-8" />
  <meta name='ocr-system' content='tesseract 3.04.00' />
  <meta name='ocr-capabilities' content='ocr_page ocr_carea ocr_par ocr_line ocrx_word'/>
</head>
<body>
  <div class='ocr_page' id='page_1' title='image "./hymnihomericiac00baumgoog_0112.png"; bbox 0 0 2376 3900; ppageno 0'>
   <div class='ocr_carea' id='block_1_1' title="bbox 188 214 1080 281">
    <p class='ocr_par' dir='ltr' id='par_1_1' title="bbox 188 214 1080 281">
     <span class='ocr_line' id='line_1_1' title="bbox 188 214 1080 281; baseline -0.007 1"><span class='ocrx_word' id='word_1_1' title='bbox 188 262 201 272; x_wconf 88' lang='lat'>.</span> <span class='ocrx_word' id='word_1_2' title='bbox 320 229 394 281; x_wconf 69' lang='grc' dir='ltr'><em>ΧΠ.</em></span> <span class='ocrx_word' id='word_1_3' title='bbox 413 228 579 280; x_wconf 74' lang='grc' dir='ltr'><em>ΚΑΜΙΝοΣ</em></span> <span class='ocrx_word' id='word_1_4' title='bbox 596 229 624 278; x_wconf 85' lang='lat' dir='ltr'><strong>H</strong></span> <span class='ocrx_word' id='word_1_5' title='bbox 639 230 834 281; x_wconf 74' lang='lat' dir='ltr'><strong>KEPAMm.</strong></span> <span class='ocrx_word' id='word_1_6' title='bbox 1039 214 1080 276; x_wconf 80' lang='lat'><em>89</em></span> 
     </span>
    </p>
   </div>
   <div class='ocr_carea' id='block_1_2' title="bbox 364 429 792 617">
    <p class='ocr_par' dir='ltr' id='par_1_2' title="bbox 364 429 792 617">
     <span class='ocr_line' id='line_1_2' title="bbox 535 429 627 493; baseline 0.022 -2"><span class='ocrx_word' id='word_1_7' title='bbox 535 429 627 493; x_wconf 85' lang='lat' dir='ltr'><strong>XIV.</strong></span> 
     </span>
     <span class='ocr_line' id='line_1_3' title="bbox 364 565 792 617; baseline 0 -1"><span class='ocrx_word' id='word_1_8' title='bbox 364 565 530 617; x_wconf 66' lang='grc' dir='ltr'><em>Κααεαοε</em></span> <span class='ocrx_word' id='word_1_9' title='bbox 550 567 578 616; x_wconf 83' lang='grc' dir='ltr'>Η</span> <span class='ocrx_word' id='word_1_10' title='bbox 596 565 792 616; x_wconf 72' lang='grc' dir='ltr'>ΚΕΡΑΜΕΙΣ.</span> 
     </span>
    </p>
   </div>
   <div class='ocr_carea' id='block_1_3' title="bbox 78 696 1086 3030">
    <p class='ocr_par' dir='ltr' id='par_1_3' title="bbox 78 696 1086 3030">
     <span class='ocr_line' id='line_1_4' title="bbox 154 696 929 796; baseline 0.001 -21"><span class='ocrx_word' id='word_1_11' title='bbox 154 713 197 776; x_wconf 76' lang='lat' dir='ltr'><em>Ec</em></span> <span class='ocrx_word' id='word_1_12' title='bbox 209 705 271 795; x_wconf 72' lang='grc' dir='ltr'><em>μὲν</em></span> <span class='ocrx_word' id='word_1_13' title='bbox 286 704 406 775; x_wconf 78' lang='grc' dir='ltr'><em>δεύσετε</em></span> <span class='ocrx_word' id='word_1_14' title='bbox 419 705 560 793; x_wconf 75' lang='grc' dir='ltr'><em>μισθόν,</em></span> <span class='ocrx_word' id='word_1_15' title='bbox 575 704 692 791; x_wconf 90' lang='grc' dir='ltr'><em>ἀείσω,</em></span> <span class='ocrx_word' id='word_1_16' title='bbox 714 696 929 796; x_wconf 77' lang='grc' dir='ltr'><em>ἀκεραμῆες·</em></span> 
     </span>
     <span class='ocr_line' id='line_1_5' title="bbox 80 804 946 898; baseline 0.002 -20"><span class='ocrx_word' id='word_1_17' title='bbox 80 806 173 896; x_wconf 77' lang='grc' dir='ltr'><em>δεῦρ’</em></span> <span class='ocrx_word' id='word_1_18' title='bbox 188 804 244 895; x_wconf 78' lang='grc' dir='ltr'><em>ἄγ’</em></span> <span class='ocrx_word' id='word_1_19' title='bbox 257 805 433 896; x_wconf 75' lang='grc' dir='ltr'><em>Ἀθηναίη,</em></span> <span class='ocrx_word' id='word_1_20' title='bbox 452 809 508 876; x_wconf 81' lang='grc' dir='ltr'><em>καὶ</em></span> <span class='ocrx_word' id='word_1_21' title='bbox 520 805 674 896; x_wconf 79' lang='grc' dir='ltr'><strong><em>ὑπείρεχε</em></strong></span> <span class='ocrx_word' id='word_1_22' title='bbox 687 823 780 895; x_wconf 79' lang='grc' dir='ltr'><em>χεῖρα</em></span> <span class='ocrx_word' id='word_1_23' title='bbox 795 816 946 898; x_wconf 80' lang='grc' dir='ltr'><strong><em>καμίνου,</em></strong></span> 
     </span>
     <span class='ocr_line' id='line_1_6' title="bbox 79 901 920 999; baseline 0.001 -20"><span class='ocrx_word' id='word_1_24' title='bbox 79 901 118 979; x_wconf 80' lang='grc' dir='ltr'><em>εὖ</em></span> <span class='ocrx_word' id='word_1_25' title='bbox 134 911 169 979; x_wconf 69' lang='grc' dir='ltr'><em>δὲ</em></span> <span class='ocrx_word' id='word_1_26' title='bbox 184 921 388 998; x_wconf 75' lang='grc' dir='ltr'><em>περανθείεν</em></span> <span class='ocrx_word' id='word_1_27' title='bbox 402 907 534 978; x_wconf 81' lang='grc' dir='ltr'><strong><em>κότυλοι</em></strong></span> <span class='ocrx_word' id='word_1_28' title='bbox 550 912 606 979; x_wconf 80' lang='grc' dir='ltr'><em>καὶ</em></span> <span class='ocrx_word' id='word_1_29' title='bbox 620 909 727 977; x_wconf 92' lang='grc' dir='ltr'><em>πάντα</em></span> <span class='ocrx_word' id='word_1_30' title='bbox 742 909 920 999; x_wconf 90' lang='grc' dir='ltr'><em>κάναστρα,</em></span> 
     </span>
     <span class='ocr_line' id='line_1_7' title="bbox 78 1003 888 1099; baseline 0.002 -19"><span class='ocrx_word' id='word_1_31' title='bbox 78 1015 276 1099; x_wconf 78' lang='grc' dir='ltr'><em>φραχθῆναί</em></span> <span class='ocrx_word' id='word_1_32' title='bbox 288 1039 322 1080; x_wconf 90' lang='grc' dir='ltr'><em>τε</em></span> <span class='ocrx_word' id='word_1_33' title='bbox 337 1015 444 1091; x_wconf 77' lang='grc' dir='ltr'><em>καλάς</em></span> <span class='ocrx_word' id='word_1_34' title='bbox 457 1013 513 1080; x_wconf 81' lang='grc' dir='ltr'><em>καὶ</em></span> <span class='ocrx_word' id='word_1_35' title='bbox 526 1017 619 1099; x_wconf 80' lang='grc' dir='ltr'><em>τιμῆς</em></span> <span class='ocrx_word' id='word_1_36' title='bbox 634 1003 721 1079; x_wconf 80' lang='grc' dir='ltr'><em>άνον</em></span> <span class='ocrx_word' id='word_1_37' title='bbox 735 1008 888 1099; x_wconf 75' lang='grc' dir='ltr'><em>ἀρέσθαι,</em></span> 
     </span>
     <span class='ocr_line' id='line_1_8' title="bbox 79 1111 1082 1202; baseline 0.004 -20"><span class='ocrx_word' id='word_1_38' title='bbox 79 1113 184 1182; x_wconf 83' lang='grc' dir='ltr'><em>πολλά</em></span> <span class='ocrx_word' id='word_1_39' title='bbox 198 1113 259 1202; x_wconf 70' lang='grc' dir='ltr'><em>μὲν</em></span> <span class='ocrx_word' id='word_1_40' title='bbox 273 1121 323 1182; x_wconf 89' lang='grc' dir='ltr'><em>είν</em></span> <span class='ocrx_word' id='word_1_41' title='bbox 337 1111 443 1202; x_wconf 81' lang='grc' dir='ltr'><em>ἀγορῇ</em></span> <span class='ocrx_word' id='word_1_42' title='bbox 458 1112 670 1200; x_wconf 78' lang='grc' dir='ltr'><em>πωλεύμενοι,</em></span> <span class='ocrx_word' id='word_1_43' title='bbox 692 1113 795 1181; x_wconf 80' lang='grc' dir='ltr'><em>πολλὰ</em></span> <span class='ocrx_word' id='word_1_44' title='bbox 811 1112 843 1182; x_wconf 76' lang='grc' dir='ltr'><em>δ’</em></span> <span class='ocrx_word' id='word_1_45' title='bbox 859 1112 999 1202; x_wconf 79' lang='grc' dir='ltr'><em>ἀγνιαίς,</em></span> <span class='ocrx_word' id='word_1_46' title='bbox 1065 1136 1082 1186; x_wconf 74' lang='lat'><strong>5</strong></span> 
     </span>
     <span class='ocr_line' id='line_1_9' title="bbox 80 1211 971 1304; baseline 0.003 -21"><span class='ocrx_word' id='word_1_47' title='bbox 80 1213 216 1283; x_wconf 84' lang='grc' dir='ltr'><em>*πολλὰ</em></span> <span class='ocrx_word' id='word_1_48' title='bbox 231 1214 267 1283; x_wconf 75' lang='grc' dir='ltr'><em>δὲ</em></span> <span class='ocrx_word' id='word_1_49' title='bbox 280 1220 455 1302; x_wconf 81' lang='grc' dir='ltr'><em>κερδῆναι,</em></span> <span class='ocrx_word' id='word_1_50' title='bbox 476 1211 556 1303; x_wconf 81' lang='grc' dir='ltr'><em>ἡμίν</em></span> <span class='ocrx_word' id='word_1_51' title='bbox 570 1216 607 1283; x_wconf 69' lang='grc' dir='ltr'><em>δὲ</em></span> <span class='ocrx_word' id='word_1_52' title='bbox 622 1214 677 1304; x_wconf 74' lang='grc' dir='ltr'><em>δή,</em></span> <span class='ocrx_word' id='word_1_53' title='bbox 701 1213 744 1295; x_wconf 72' lang='grc' dir='ltr'><em>ὥς</em></span> <span class='ocrx_word' id='word_1_54' title='bbox 759 1235 841 1303; x_wconf 86' lang='grc' dir='ltr'><em>σφιν</em></span> <span class='ocrx_word' id='word_1_55' title='bbox 854 1213 971 1286; x_wconf 72' lang='grc' dir='ltr'><em>ἀεῖσαι.</em></span> 
     </span>
     <span class='ocr_line' id='line_1_10' title="bbox 81 1313 929 1406; baseline 0.004 -22"><span class='ocrx_word' id='word_1_56' title='bbox 81 1313 123 1404; x_wconf 76' lang='grc' dir='ltr'><em>ἦν</em></span> <span class='ocrx_word' id='word_1_57' title='bbox 137 1313 170 1384; x_wconf 81' lang='grc' dir='ltr'><em>δ’</em></span> <span class='ocrx_word' id='word_1_58' title='bbox 186 1315 239 1385; x_wconf 80' lang='grc' dir='ltr'><em>ἐπ’</em></span> <span class='ocrx_word' id='word_1_59' title='bbox 255 1313 428 1403; x_wconf 72' lang='grc' dir='ltr'><em>ἀναιδείην</em></span> <span class='ocrx_word' id='word_1_60' title='bbox 441 1320 643 1403; x_wconf 76' lang='grc' dir='ltr'><em>τρεφθέντες</em></span> <span class='ocrx_word' id='word_1_61' title='bbox 659 1314 776 1400; x_wconf 74' lang='grc' dir='ltr'><em>ψεύδε’</em></span> <span class='ocrx_word' id='word_1_62' title='bbox 791 1316 929 1406; x_wconf 76' lang='grc' dir='ltr'><em>ἀρησθε,</em></span> 
     </span>
     <span class='ocr_line' id='line_1_11' title="bbox 80 1418 784 1510; baseline 0.001 -24"><span class='ocrx_word' id='word_1_63' title='bbox 80 1421 251 1505; x_wconf 81' lang='grc' dir='ltr'><em>συγκαλέω</em></span> <span class='ocrx_word' id='word_1_64' title='bbox 267 1418 307 1506; x_wconf 79' lang='grc' dir='ltr'><em>δὴ</em></span> <span class='ocrx_word' id='word_1_65' title='bbox 321 1426 434 1487; x_wconf 81' lang='grc' dir='ltr'><em>ἔπειτα</em></span> <span class='ocrx_word' id='word_1_66' title='bbox 448 1426 575 1510; x_wconf 76' lang='grc' dir='ltr'><em>καμίνῳ</em></span> <span class='ocrx_word' id='word_1_67' title='bbox 591 1423 784 1507; x_wconf 81' lang='grc' dir='ltr'><em>δηλητῆρας,</em></span> 
     </span>
     <span class='ocr_line' id='line_1_12' title="bbox 81 1515 1083 1611; baseline 0.002 -23"><span class='ocrx_word' id='word_1_68' title='bbox 81 1516 244 1606; x_wconf 86' lang='grc' dir='ltr'><em>Σύντριβ’</em></span> <span class='ocrx_word' id='word_1_69' title='bbox 260 1515 347 1607; x_wconf 71' lang='grc' dir='ltr'><em>ὁμοὸς</em></span> <span class='ocrx_word' id='word_1_70' title='bbox 356 1518 536 1608; x_wconf 89' lang='grc' dir='ltr'><em>Σμάραγόν</em></span> <span class='ocrx_word' id='word_1_71' title='bbox 550 1547 585 1588; x_wconf 87' lang='grc' dir='ltr'><em>τε</em></span> <span class='ocrx_word' id='word_1_72' title='bbox 598 1522 653 1589; x_wconf 80' lang='grc' dir='ltr'><em>καὶ</em></span> <span class='ocrx_word' id='word_1_73' title='bbox 666 1517 824 1607; x_wconf 80' lang='grc' dir='ltr'><em>’Ἁσβετον</em></span> <span class='ocrx_word' id='word_1_74' title='bbox 838 1518 1083 1611; x_wconf 71' lang='grc' dir='ltr'><em>ἠδὲΣαβάκτιγν</em></span> 
     </span>
     <span class='ocr_line' id='line_1_13' title="bbox 80 1617 1084 1711; baseline 0.005 -23"><span class='ocrx_word' id='word_1_75' title='bbox 80 1617 265 1709; x_wconf 80' lang='grc' dir='ltr'><em>Ὠμόδαμόν</em></span> <span class='ocrx_word' id='word_1_76' title='bbox 277 1618 331 1707; x_wconf 74' lang='grc' dir='ltr'><em>θ’,</em></span> <span class='ocrx_word' id='word_1_77' title='bbox 352 1618 387 1701; x_wconf 82' lang='grc' dir='ltr'><em>ὃς</em></span> <span class='ocrx_word' id='word_1_78' title='bbox 402 1625 481 1709; x_wconf 79' lang='grc' dir='ltr'><em>τῇδε</em></span> <span class='ocrx_word' id='word_1_79' title='bbox 494 1624 592 1709; x_wconf 78' lang='grc' dir='ltr'><em>τέχνῃ</em></span> <span class='ocrx_word' id='word_1_80' title='bbox 606 1621 690 1690; x_wconf 87' lang='grc' dir='ltr'><em>κακά</em></span> <span class='ocrx_word' id='word_1_81' title='bbox 705 1621 809 1691; x_wconf 83' lang='grc' dir='ltr'><em>πολλὰ</em></span> <span class='ocrx_word' id='word_1_82' title='bbox 824 1631 955 1711; x_wconf 76' lang='grc' dir='ltr'><em>πορίζει.</em></span> <span class='ocrx_word' id='word_1_83' title='bbox 1050 1643 1084 1693; x_wconf 88' lang='grc'><em>10</em></span> 
     </span>
     <span class='ocr_line' id='line_1_14' title="bbox 81 1721 952 1812; baseline 0.001 -21"><span class='ocrx_word' id='word_1_84' title='bbox 81 1726 186 1810; x_wconf 74' lang='grc' dir='ltr'><em>πέρθε</em></span> <span class='ocrx_word' id='word_1_85' title='bbox 201 1730 433 1811; x_wconf 79' lang='grc' dir='ltr'><em>πνραίθονσαν</em></span> <span class='ocrx_word' id='word_1_86' title='bbox 447 1724 502 1792; x_wconf 81' lang='grc' dir='ltr'><em>καὶ</em></span> <span class='ocrx_word' id='word_1_87' title='bbox 517 1721 650 1811; x_wconf 75' lang='grc' dir='ltr'><em>δείματα</em></span> <span class='ocrx_word' id='word_1_88' title='bbox 658 1775 667 1808; x_wconf 95' lang='grc'><em>,</em></span> <span class='ocrx_word' id='word_1_89' title='bbox 689 1721 752 1791; x_wconf 90' lang='grc' dir='ltr'><em>σύν</em></span> <span class='ocrx_word' id='word_1_90' title='bbox 767 1723 802 1791; x_wconf 71' lang='grc' dir='ltr'><em>δὲ</em></span> <span class='ocrx_word' id='word_1_91' title='bbox 816 1722 952 1812; x_wconf 89' lang='grc' dir='ltr'><em>κάμινος</em></span> 
     </span>
     <span class='ocr_line' id='line_1_15' title="bbox 82 1824 899 1913; baseline 0.001 -20"><span class='ocrx_word' id='word_1_92' title='bbox 82 1829 170 1893; x_wconf 83' lang='grc' dir='ltr'><em>πάσα</em></span> <span class='ocrx_word' id='word_1_93' title='bbox 184 1832 364 1912; x_wconf 77' lang='grc' dir='ltr'><em>κυκηθείη,</em></span> <span class='ocrx_word' id='word_1_94' title='bbox 385 1828 555 1913; x_wconf 82' lang='grc' dir='ltr'><em>κεραμέων</em></span> <span class='ocrx_word' id='word_1_95' title='bbox 569 1827 653 1913; x_wconf 89' lang='grc' dir='ltr'><em>με’γα</em></span> <span class='ocrx_word' id='word_1_96' title='bbox 667 1824 899 1894; x_wconf 90' lang='grc' dir='ltr'><em>κωκνσάντων.</em></span> 
     </span>
     <span class='ocr_line' id='line_1_16' title="bbox 83 1923 893 2014; baseline 0.001 -20"><span class='ocrx_word' id='word_1_97' title='bbox 83 1923 126 2005; x_wconf 77' lang='grc' dir='ltr'><em>ὡς</em></span> <span class='ocrx_word' id='word_1_98' title='bbox 139 1925 266 2012; x_wconf 76' lang='grc' dir='ltr'><em>γνάθος</em></span> <span class='ocrx_word' id='word_1_99' title='bbox 281 1931 394 2014; x_wconf 86' lang='grc' dir='ltr'><em>ίππείη</em></span> <span class='ocrx_word' id='word_1_100' title='bbox 408 1926 543 2014; x_wconf 87' lang='grc' dir='ltr'><em>βρύκει,</em></span> <span class='ocrx_word' id='word_1_101' title='bbox 564 1926 682 2014; x_wconf 83' lang='grc' dir='ltr'><em>βρύκοι</em></span> <span class='ocrx_word' id='word_1_102' title='bbox 699 1927 734 1995; x_wconf 71' lang='grc' dir='ltr'><em>δὲ</em></span> <span class='ocrx_word' id='word_1_103' title='bbox 747 1925 893 2014; x_wconf 82' lang='grc' dir='ltr'><em>κάμινος,</em></span> 
     </span>
     <span class='ocr_line' id='line_1_17' title="bbox 83 2024 903 2117; baseline -0.001 -20"><span class='ocrx_word' id='word_1_104' title='bbox 83 2025 181 2097; x_wconf 90' lang='grc' dir='ltr'><em>πάντ’</em></span> <span class='ocrx_word' id='word_1_105' title='bbox 197 2025 330 2097; x_wconf 76' lang='grc' dir='ltr'><em>ἔντοσθ’</em></span> <span class='ocrx_word' id='word_1_106' title='bbox 346 2024 446 2116; x_wconf 79' lang='grc' dir='ltr'><em>αύτῆς</em></span> <span class='ocrx_word' id='word_1_107' title='bbox 460 2028 621 2117; x_wconf 80' lang='grc' dir='ltr'><em>κεραμήια</em></span> <span class='ocrx_word' id='word_1_108' title='bbox 638 2027 741 2098; x_wconf 83' lang='grc' dir='ltr'><em>λεπτά</em></span> <span class='ocrx_word' id='word_1_109' title='bbox 754 2034 903 2098; x_wconf 81' lang='grc' dir='ltr'><em>ποιοῦσα.</em></span> 
     </span>
     <span class='ocr_line' id='line_1_18' title="bbox 84 2126 1085 2219; baseline 0.003 -21"><span class='ocrx_word' id='word_1_110' title='bbox 84 2133 183 2216; x_wconf 74' lang='grc' dir='ltr'><em>ὃεύρο</em></span> <span class='ocrx_word' id='word_1_111' title='bbox 197 2131 253 2198; x_wconf 77' lang='grc' dir='ltr'><em>καὶ</em></span> <span class='ocrx_word' id='word_1_112' title='bbox 268 2126 396 2199; x_wconf 86' lang='grc' dir='ltr'><em>Ἠελίου</em></span> <span class='ocrx_word' id='word_1_113' title='bbox 410 2129 580 2219; x_wconf 74' lang='grc' dir='ltr'><em>θυγάτηρ,</em></span> <span class='ocrx_word' id='word_1_114' title='bbox 601 2131 839 2219; x_wconf 89' lang='grc' dir='ltr'><em>πολνφάρμακε</em></span> <span class='ocrx_word' id='word_1_115' title='bbox 853 2138 973 2218; x_wconf 87' lang='grc' dir='ltr'><em>Κίρκη,</em></span> <span class='ocrx_word' id='word_1_116' title='bbox 1054 2150 1085 2201; x_wconf 82' lang='grc'><em>15</em></span> 
     </span>
     <span class='ocr_line' id='line_1_19' title="bbox 82 2229 1021 2320; baseline 0.001 -21"><span class='ocrx_word' id='word_1_117' title='bbox 82 2230 181 2319; x_wconf 86' lang='grc' dir='ltr'><em>ἀγρια</em></span> <span class='ocrx_word' id='word_1_118' title='bbox 196 2231 353 2319; x_wconf 82' lang='grc' dir='ltr'><em>φάρμακα</em></span> <span class='ocrx_word' id='word_1_119' title='bbox 366 2230 483 2318; x_wconf 84' lang='grc' dir='ltr'><em>βάλλε,</em></span> <span class='ocrx_word' id='word_1_120' title='bbox 504 2231 608 2300; x_wconf 89' lang='grc' dir='ltr'><em>κάκου</em></span> <span class='ocrx_word' id='word_1_121' title='bbox 624 2229 657 2300; x_wconf 75' lang='grc' dir='ltr'><em>δ’</em></span> <span class='ocrx_word' id='word_1_122' title='bbox 675 2229 795 2311; x_wconf 86' lang='grc' dir='ltr'><em>αύτούς</em></span> <span class='ocrx_word' id='word_1_123' title='bbox 813 2258 848 2300; x_wconf 91' lang='grc' dir='ltr'><em>τε</em></span> <span class='ocrx_word' id='word_1_124' title='bbox 862 2233 918 2299; x_wconf 78' lang='grc' dir='ltr'><em>καὶ</em></span> <span class='ocrx_word' id='word_1_125' title='bbox 932 2240 1021 2320; x_wconf 79' lang='grc' dir='ltr'><em>ἔργα.</em></span> 
     </span>
     <span class='ocr_line' id='line_1_20' title="bbox 84 2329 933 2420; baseline -0.004 -18"><span class='ocrx_word' id='word_1_126' title='bbox 84 2338 184 2420; x_wconf 80' lang='grc' dir='ltr'><em>δεύρο</em></span> <span class='ocrx_word' id='word_1_127' title='bbox 200 2333 235 2401; x_wconf 75' lang='grc' dir='ltr'><em>δὲ</em></span> <span class='ocrx_word' id='word_1_128' title='bbox 250 2335 306 2401; x_wconf 78' lang='grc' dir='ltr'><em>καὶ</em></span> <span class='ocrx_word' id='word_1_129' title='bbox 319 2338 450 2419; x_wconf 86' lang='grc' dir='ltr'><em>Χείρων</em></span> <span class='ocrx_word' id='word_1_130' title='bbox 465 2329 570 2419; x_wconf 82' lang='grc' dir='ltr'><em>ἀγέτω</em></span> <span class='ocrx_word' id='word_1_131' title='bbox 585 2331 705 2411; x_wconf 82' lang='grc' dir='ltr'><em>πολέας</em></span> <span class='ocrx_word' id='word_1_132' title='bbox 722 2331 933 2419; x_wconf 88' lang='grc' dir='ltr'><em>κενταύρους,</em></span> 
     </span>
     <span class='ocr_line' id='line_1_21' title="bbox 82 2430 916 2522; baseline -0.004 -19"><span class='ocrx_word' id='word_1_133' title='bbox 82 2441 117 2504; x_wconf 80' lang='grc' dir='ltr'><em>οἳ</em></span> <span class='ocrx_word' id='word_1_134' title='bbox 128 2432 168 2503; x_wconf 75' lang='grc' dir='ltr'><em>θ’</em></span> <span class='ocrx_word' id='word_1_135' title='bbox 179 2431 358 2522; x_wconf 76' lang='grc' dir='ltr'><em>Ἡρακλῆος</em></span> <span class='ocrx_word' id='word_1_136' title='bbox 372 2449 482 2521; x_wconf 78' lang='grc' dir='ltr'><em>χεῖρας</em></span> <span class='ocrx_word' id='word_1_137' title='bbox 496 2433 622 2521; x_wconf 85' lang='grc' dir='ltr'><em>φύγον,</em></span> <span class='ocrx_word' id='word_1_138' title='bbox 646 2430 723 2502; x_wconf 82' lang='grc' dir='ltr'><em>οἵτ’</em></span> <span class='ocrx_word' id='word_1_139' title='bbox 738 2431 916 2501; x_wconf 81' lang='grc' dir='ltr'><em>ἀπόλοντο·</em></span> 
     </span>
     <span class='ocr_line' id='line_1_22' title="bbox 82 2533 904 2624; baseline -0.004 -20"><span class='ocrx_word' id='word_1_140' title='bbox 82 2536 237 2605; x_wconf 89' lang='grc' dir='ltr'><em>τύπτοιεν</em></span> <span class='ocrx_word' id='word_1_141' title='bbox 251 2535 329 2605; x_wconf 80' lang='grc' dir='ltr'><em>τάδε</em></span> <span class='ocrx_word' id='word_1_142' title='bbox 344 2543 422 2624; x_wconf 83' lang='grc' dir='ltr'><em>ἔργα</em></span> <span class='ocrx_word' id='word_1_143' title='bbox 436 2539 561 2621; x_wconf 73' lang='grc' dir='ltr'><em>κακῶς,</em></span> <span class='ocrx_word' id='word_1_144' title='bbox 582 2543 694 2604; x_wconf 90' lang='grc' dir='ltr'><em>πίπτοι</em></span> <span class='ocrx_word' id='word_1_145' title='bbox 709 2534 745 2602; x_wconf 72' lang='grc' dir='ltr'><em>δὲ</em></span> <span class='ocrx_word' id='word_1_146' title='bbox 759 2533 904 2620; x_wconf 82' lang='grc' dir='ltr'><em>κάμινος,</em></span> 
     </span>
     <span class='ocr_line' id='line_1_23' title="bbox 84 2634 1086 2727; baseline -0.006 -20"><span class='ocrx_word' id='word_1_147' title='bbox 84 2635 177 2707; x_wconf 77' lang='grc' dir='ltr'><em>αὐτοὶ</em></span> <span class='ocrx_word' id='word_1_148' title='bbox 192 2634 225 2705; x_wconf 76' lang='grc' dir='ltr'><em>δ’</em></span> <span class='ocrx_word' id='word_1_149' title='bbox 239 2636 432 2726; x_wconf 74' lang='grc' dir='ltr'><em>οἰμώζοντες</em></span> <span class='ocrx_word' id='word_1_150' title='bbox 445 2634 572 2727; x_wconf 72' lang='grc' dir='ltr'><em>ὀρῴατο</em></span> <span class='ocrx_word' id='word_1_151' title='bbox 586 2644 665 2725; x_wconf 79' lang='grc' dir='ltr'><em>ἔργα</em></span> <span class='ocrx_word' id='word_1_152' title='bbox 680 2635 823 2724; x_wconf 77' lang='grc' dir='ltr'><em>πονηρά</em></span> <span class='ocrx_word' id='word_1_153' title='bbox 1053 2651 1086 2702; x_wconf 75' lang='lat'><em>20</em></span> 
     </span>
     <span class='ocr_line' id='line_1_24' title="bbox 82 2735 896 2828; baseline -0.005 -20"><span class='ocrx_word' id='word_1_154' title='bbox 82 2738 221 2827; x_wconf 74' lang='grc' dir='ltr'><em>γηθήσω</em></span> <span class='ocrx_word' id='word_1_155' title='bbox 237 2736 269 2806; x_wconf 81' lang='grc' dir='ltr'><em>δ’</em></span> <span class='ocrx_word' id='word_1_156' title='bbox 284 2736 392 2828; x_wconf 87' lang='grc' dir='ltr'><em>ὁρόων</em></span> <span class='ocrx_word' id='word_1_157' title='bbox 406 2736 517 2818; x_wconf 72' lang='grc' dir='ltr'><em>αὐτῶν</em></span> <span class='ocrx_word' id='word_1_158' title='bbox 531 2744 755 2826; x_wconf 75' lang='grc' dir='ltr'><em>κακοδαίμονα</em></span> <span class='ocrx_word' id='word_1_159' title='bbox 769 2735 896 2823; x_wconf 80' lang='grc' dir='ltr'><em>τέχνην.</em></span> 
     </span>
     <span class='ocr_line' id='line_1_25' title="bbox 83 2836 986 2930; baseline -0.003 -21"><span class='ocrx_word' id='word_1_160' title='bbox 83 2838 119 2920; x_wconf 79' lang='grc' dir='ltr'><em>ὃς</em></span> <span class='ocrx_word' id='word_1_161' title='bbox 135 2840 171 2909; x_wconf 80' lang='grc' dir='ltr'><em>δέ</em></span> <span class='ocrx_word' id='word_1_162' title='bbox 185 2839 217 2926; x_wconf 87' lang='grc' dir='ltr'><em>χ’</em></span> <span class='ocrx_word' id='word_1_163' title='bbox 232 2836 409 2930; x_wconf 76' lang='grc' dir='ltr'><em>ύπερκύιγγ</em></span> <span class='ocrx_word' id='word_1_164' title='bbox 417 2896 426 2928; x_wconf 99' lang='grc'><em>,</em></span> <span class='ocrx_word' id='word_1_165' title='bbox 449 2841 530 2928; x_wconf 81' lang='grc' dir='ltr'><em>πυρὶ</em></span> <span class='ocrx_word' id='word_1_166' title='bbox 544 2839 662 2908; x_wconf 89' lang='grc' dir='ltr'><em>τούτου</em></span> <span class='ocrx_word' id='word_1_167' title='bbox 676 2843 744 2907; x_wconf 89' lang='grc' dir='ltr'><em>πάν</em></span> <span class='ocrx_word' id='word_1_168' title='bbox 757 2837 793 2907; x_wconf 83' lang='grc' dir='ltr'><em>τὸ</em></span> <span class='ocrx_word' id='word_1_169' title='bbox 807 2836 986 2924; x_wconf 89' lang='grc' dir='ltr'><em>πρόσωπον</em></span> 
     </span>
     <span class='ocr_line' id='line_1_26' title="bbox 84 2939 923 3030; baseline -0.002 -20"><span class='ocrx_word' id='word_1_170' title='bbox 84 2950 262 3030; x_wconf 74' lang='grc' dir='ltr'><em>φλεχθείη,</em></span> <span class='ocrx_word' id='word_1_171' title='bbox 285 2941 328 3024; x_wconf 79' lang='grc' dir='ltr'><em>ἀς</em></span> <span class='ocrx_word' id='word_1_172' title='bbox 342 2942 462 3022; x_wconf 84' lang='grc' dir='ltr'><em>πάντες</em></span> <span class='ocrx_word' id='word_1_173' title='bbox 479 2939 660 3012; x_wconf 85' lang='grc' dir='ltr'><em>ἐπίσταιντ’</em></span> <span class='ocrx_word' id='word_1_174' title='bbox 675 2952 789 3029; x_wconf 88' lang='grc' dir='ltr'><em>αίσιμα</em></span> <span class='ocrx_word' id='word_1_175' title='bbox 808 2939 923 3029; x_wconf 77' lang='grc' dir='ltr'><em>ῥέζειν.</em></span> 
     </span>
    </p>
   </div>
   <div class='ocr_carea' id='block_1_4' title="bbox 489 3173 685 3185">
    <p class='ocr_par' dir='ltr' id='par_1_4' title="bbox 489 3173 685 3185">
     <span class='ocr_line' id='line_1_27' title="bbox 489 3173 685 3185; baseline -0.005 0"><span class='ocrx_word' id='word_1_176' title='bbox 489 3173 685 3185; x_wconf 66' lang='lat' dir='ltr'><em>-—--—-·ae·</em></span> 
     </span>
    </p>
   </div>
   <div class='ocr_carea' id='block_1_5' title="bbox 0 0 1199 3900">
    <p class='ocr_par' dir='ltr' id='par_1_5' title="bbox 0 0 1199 3900">
     <span class='ocr_line' id='line_1_28' title="bbox 0 0 1199 3900; baseline 0 0"><span class='ocrx_word' id='word_1_177' title='bbox 0 0 1199 3900; x_wconf 95' lang='lat' dir='ltr'><em> </em></span> 
     </span>
    </p>
   </div>
  </div>
 </body>
</html>
