2376 3900
274 258 277 262 Α
395 208 775 262 ΒΔΤΡΑΧΟΜΤΟΜΑΧΙΔ.
1048 194 1089 255 95

86 365 249 457 ἀμφίβιον
262 363 325 455 γὰρ
341 369 444 435 ἔδωκε
457 363 563 454 νομὴν
576 366 768 455 βατράχοισι
782 373 949 455 Κρονίων,

85 476 271 556 [στοιχείοις
286 473 406 547 διττοϊς
419 467 641 558 μεμερισμένοι
657 469 791 558 δώματα
805 472 937 555 ναίειν,]
1055 488 1092 543 60

87 575 259 659 σκιρτῆσαι
272 566 354 638 κατά
367 573 431 656 γῆν
444 572 499 639 καλ
513 567 567 657 ἐφ’
582 569 682 641 ὐδασι
697 577 790 659 σώμα
804 570 960 654 καλύψαι.
1131 560 1134 565 ’

88 681 119 743 εί
133 670 166 742 δ’
183 670 310 750 ἐθέλεις
323 673 379 740 καὶ
392 676 495 741 ταῦτα
510 671 686 761 δαήμεναι,
709 671 840 761 εὐχερές
855 676 952 742 ἐστιν.

87 774 184 864 βαίνέ
198 799 253 862 μοι
268 777 305 842 ἐν
318 771 469 860 νώτοισι,
490 772 603 863 κράτει
618 773 656 846 δέ
668 803 725 865 με,
745 771 865 865 μήποτ’
880 772 987 865 όληαι,

86 875 201 957 ὅππως
214 873 403 964 γηθόσυνος
416 873 474 943 τὸν
490 874 570 965 ἐμὸν
584 875 687 967 δόμον
701 884 899 966 είσαφίκηαι.

156 976 216 1057 Ὣς
230 974 285 1066 ἄρ’
301 985 364 1066 ἔφη
377 978 433 1045 καί
445 974 527 1046 νῶτ’
543 983 672 1048 ἐδίδου·
692 975 709 1048 ὁ
725 977 758 1048 δ’
773 987 886 1068 ἔβαινε
900 978 1035 1068 τάχιστα
1056 998 1093 1052 65

86 1086 199 1170 χεῖρας
218 1087 303 1166 ἔχων
316 1096 494 1169 τρυφεροῖο
508 1079 582 1149 κατ’
598 1079 736 1168 αὐχένος
753 1079 873 1170 ἅλματι
887 1081 1013 1173 κούφῳ.

87 1184 143 1253 καὶ
155 1180 192 1252 τὸ
206 1186 338 1271 πρώτον
351 1189 499 1271 ἔχαιρεν,
521 1179 571 1251 ὅτ’
587 1191 704 1271 ἐβλεπε
718 1191 868 1271 γείτονας
880 1180 1013 1273 ὅρμους,

86 1284 178 1373 νήξει
191 1282 390 1373 τερπόμενος
405 1284 640 1370 Φυσιγνάθου·
660 1282 736 1354 ἄλλ’
750 1282 805 1355 ὅτε
820 1285 860 1373 δή
875 1289 917 1374 ῥα

86 1386 209 1475 κύμασι
223 1384 464 1476 πορφυρέοισιν
479 1387 646 1473 ἐκλύζετο,
666 1385 771 1456 πολλὰ
787 1387 943 1476 δακρύων

87 1487 251 1578 άχρηστον
264 1489 442 1577 μετάνοιαν
455 1487 634 1578 ἐμέμφετο,
655 1497 744 1558 τίλλε
759 1490 795 1558 δὲ
808 1498 931 1577 χαίτας,
1058 1506 1093 1562 7ο

86 1594 143 1661 καλ
157 1590 263 1670 πόδας
277 1599 435 1678 ἔσφιγγεν
447 1589 530 1659 κατὰ
542 1589 703 1680 γαστέρα,
725 1594 762 1659 ἐν
777 1590 815 1660 δέ
828 1597 863 1660 οί
872 1583 950 1679 ἦτορ

86 1689 220 1762 πάλλετ’
237 1690 374 1780 άηθείη,
394 1693 450 1761 καί
464 1694 518 1761 ἐπὶ
531 1693 639 1779 χθόνα
656 1690 796 1780 βούλεθ’
812 1696 958 1761 ίκέσθαι·

88 1792 182 1864 δεινά
197 1792 229 1862 δ’
244 1791 476 1880 ύπεστονάχιζε
490 1792 600 1881 φόβου
614 1794 789 1881 κρυόεντος
803 1791 940 1882 άνάγκη.

87 1893 205 1984 [οὐρὴν
217 1897 279 1985 μὲν
292 1899 519 1983 προσέτασσεν
533 1895 589 1983 ἐφ’
605 1895 743 1983 ὕδασιν,
767 1895 845 1984 ἠύτε
859 1895 975 1984 κώπην
1033 1903 1092 1981 [86]

86 1998 219 2086 σύρων,
237 1995 412 2086 εὐχόμενος
427 2026 462 2067 τε
472 2010 565 2079 θεοῖς
580 2002 634 2069 ἐπὶ
645 2017 746 2087 γαῖαν
761 2002 902 2085 ἱκέσθαι,
1056 2015 1090 2070 75

87 2098 189 2169 ύδασι
202 2102 443 2188 πορφυρέοισιν
456 2101 623 2188 ἐκλύζετο,
645 2099 751 2172 πολλὰ
768 2098 801 2169 δ’
817 2105 959 2187 ἐβώσεν·

88 2205 144 2272 καί
158 2219 250 2271 τοίου
263 2202 348 2289 φάτο
363 2206 475 2290 μῦθον
488 2200 553 2272 άπὸ
567 2202 725 2290 στόματός
738 2200 770 2271 τ’
785 2199 981 2289 άγόρευσεν·
1034 2209 1092 2286 [74]

167 2301 237 2392 Οὐχ
252 2301 339 2371 οὕτω
353 2302 510 2372 νώτοισιν
524 2304 683 2391 ἐβάστασε
702 2303 827 2392 φόρτον
841 2311 962 2391 ἔρωτος
1035 2304 1092 2386 [75]

87 2410 223 2496 ταῦρος,
244 2402 295 2473 ὅτ’
311 2402 479 2493 Εὐρώπην
494 2404 549 2473 διά
562 2405 706 2495 κύματος
720 2397 778 2494 ἦγ’
793 2406 847 2474 ἐπὶ
861 2404 1008 2492 Κρήτην,

81 2503 132 2587 ’ώς
146 2505 200 2595 ἔμ’
215 2504 402 2586 ἐπιπλώσας
415 2505 590 2576 ἐπινώτιον
603 2499 684 2596 ἦγεν
697 2511 731 2588 ἐς
744 2506 837 2576 οἷκον
1057 2522 1095 2577 80

88 2607 249 2698 βάτραχος
263 2605 450 2696 άμπετάσας
465 2605 573 2696 ώχρδν
588 2612 688 2698 δέμας
701 2608 800 2678 ὐδατι
814 2613 924 2699 λευκῷ
931 2613 952 2690 3]
974 2699 976 2702 Ι

155 2709 274 2801 Ὕδρας
291 2708 323 2780 δ’
340 2715 495 2799 ἐξαίφνης
509 2708 724 2799 άνεφαίνετο,
746 2708 860 2780 δεινὸν
874 2707 981 2797 ὅραμα

88 2817 191 2882 πᾶσιν
203 2811 305 2903 όμώς·
325 2810 432 2904 ὀρθὸν
446 2810 479 2882 δ’
494 2810 578 2901 ὐπδρ
596 2812 717 2895 ὐδατος
732 2813 798 2901 εέχε
811 2811 981 2899 τράχηλον.
1035 2817 1092 2894 [80]

88 2920 208 2984 τοῦτον
222 2913 305 2985 ι’δών
319 2920 440 2986 κατέδυ
455 2923 687 3002 Φυσίγναθος,
709 2911 782 2984 οὐτι
795 2912 927 3002 νοήσας,

88 3014 161 3087 οἷον
174 3020 304 3107 έταϊρον
318 3025 454 3106 ἔμελλεν
467 3014 698 3105 ἀπολλύμενον
711 3025 932 3087 καταλείπειν.
1058 3032 1093 3087 85

89 3124 133 3188 δύ
148 3120 185 3188 δὲ
198 3117 303 3207 βάθος
317 3128 433 3209 λίμνης
446 3122 502 3188 καὶ
519 3116 659 3190 άλεύατο
673 3124 757 3208 κῆρα
770 3121 940 3207 μέλαιναν.

88 3237 199 3301 κεῖνος
214 3219 248 3289 δ’
263 3218 306 3301 ως
319 3217 448 3311 άφέθη,
468 3224 569 3292 πέσεν
582 3219 698 3302 ὕπτιος
713 3217 817 3300 εὐθύς
832 3218 887 3309 ἐφ’
902 3220 1007 3306 ὕδωρ,

89 3325 145 3392 καί
159 3339 270 3411 χεῖρας
285 3330 422 3412 ἔσφιγγε
435 3325 489 3391 καὶ
504 3321 683 3414 ὀλλύμενος
696 3326 879 3410 κατέτρυζε.
1036 3326 1091 3404 [85]

90 3426 229 3495 πολλάκι
242 3427 304 3514 μὲν
317 3427 500 3496 κατέδυνεν
514 3424 569 3513 ἐφ’
584 3425 698 3510 ὕδατι,
719 3423 858 3496 πολλάκι
873 3423 906 3494 δ’
921 3416 1001 3493 αὐτε
1035 3426 1092 3503 [89]

90 3537 250 3613 λακτίζων
262 3524 530 3616 άνέδυνεμόρον
545 3526 578 3597 δ’
593 3527 654 3598 οὐκ
668 3520 710 3618 ἦν
724 3525 897 3610 ὑπαλύξαι.
1058 3537 1092 3592 90
