2376 3900
421 212 454 262 v.
480 211 542 261 Em
561 210 772 262 ΔΗΜΗΤΡΑΝ.
1057 202 1099 265 49

575 391 615 456 V.

449 528 512 579 ΕΙΣ
530 527 741 580 ΔΗτωενΡεω.

172 665 322 757 Δήμητρ’
338 664 500 756 ι’χῦκομον,
522 665 647 755 σεμνὴν
662 667 763 755 θεὸν,
783 667 901 758 ἄρχομ’
915 669 1051 759 ἀείδειν,

96 765 202 857 αύτῇν
214 765 273 856 ῇδὲ
286 769 440 858 θύγατρα
453 769 685 858 τανύσφυρον,
704 766 747 857 ῇν
758 767 934 854 Ἀῖδωνεύς

95 870 258 960 ῇρπαξεν,
279 876 386 940 δῶκεν
400 871 437 939 δὲ
450 870 661 960 βαρύκτυπος
676 867 823 960 εύρυόπα
836 873 931 962 Ζεύς,

95 972 217 1059 νόσφιν
230 970 404 1060 Δήμητρος
416 972 619 1061 χρυσαόρου,
641 969 883 1063 ἀγλαοκάρπου,

95 1081 275 1156 παίζουσαν
292 1073 430 1162 κούρῃσι
444 1072 508 1142 σύν
519 1071 679 1149 Ὠκεανοῦ
691 1075 927 1164 βαθυκόλποις,
1079 1099 1096 1152 5

94 1172 202 1244 ἀνθεά
215 1170 246 1241 τ’
261 1177 460 1262 αἰνυμένην,
481 1174 564 1264 ῥόδα
576 1177 632 1243 καὶ
645 1173 766 1263 κρόκον
779 1173 835 1264 ἠδ’
850 1187 885 1246 ία
902 1177 987 1248 καλά

93 1272 230 1363 λειμῶν’
247 1270 291 1368 ἀμ
305 1273 453 1368 μαλακόν
466 1278 522 1347 καὶ
535 1272 712 1362 ἀγαλλίδας
725 1273 780 1364 ἡδ’
793 1273 960 1350 ὑάκινθον

93 1382 272 1474 νάρκισσόν
285 1379 338 1468 θ’,
358 1379 398 1451 δν
411 1389 513 1468 ἔφυσε
528 1377 627 1449 δόλον
640 1376 847 1448 καλυκόπιδι
860 1379 964 1471 κούρη
1070 1464 1073 1468 .

92 1493 179 1555 Γαῖα
192 1480 275 1562 Διὸς
288 1488 428 1570 βουλῇσι
441 1482 635 1571 χαριζομένη
648 1482 854 1569 Πολυδέκτη,

92 1583 288 1673 θαυμαστὸν
301 1584 490 1673 γανόωντα,
512 1587 610 1669 σέβας
625 1583 665 1650 δέ
676 1607 710 1649 τε
724 1586 825 1651 πᾶσιν
839 1586 971 1653 ἰδέσθαι
1063 1604 1095 1656 10

92 1686 273 1765 ἀθανάτοις
286 1712 321 1754 τε
335 1697 428 1763 θεοῖς
442 1682 500 1772 ἠδὲ
517 1695 654 1770 θνητοῖς
668 1677 874 1772 ἀνθρώποις·

92 1793 153 1858 τού
166 1789 222 1856 καὶ
235 1783 299 1855 ἀπὸ
315 1789 402 1875 ῥίζης
417 1783 534 1881 ἑκατὸν
548 1783 632 1871 κάρα
646 1783 854 1871 ἐξεπεφύκει·

92 1888 215 1977 κηόδει
231 1885 263 1956 δ’
279 1883 366 1976 ὀδμῇ
380 1885 488 1966 πάςιτ’
503 1883 644 1975 ούρανὸς
658 1881 757 1973 εύρύς
769 1882 898 1971 ύπερθε

91 1988 172 2078 γαῖά
185 2016 220 2057 τε
234 1985 311 2057 πάσ’
327 1991 481 2076 ἐγέλασσε
493 1989 549 2057 καὶ
562 1983 710 2075 ἁλμυρὸν
723 1987 822 2075 οἰδμα
836 1986 1015 2075 θαλάσσης.
1071 2057 1077 2070 ,

92 2089 113 2180 ἡ
129 2088 163 2160 δ’
178 2089 242 2178 ἀρα
255 2086 447 2178 θαμβήσασ’
463 2085 603 2175 ὠρέξατο
615 2090 729 2176 χερσὶν
742 2085 799 2176 ἀμ’
815 2085 913 2176 ἀμφω
1063 2106 1094 2159 15

91 2189 196 2262 καλὸν
209 2189 345 2279 ἀθυρμα
358 2198 491 2277 λαβεῖν·
510 2189 591 2277 χάνε
605 2189 642 2257 δὲ
656 2186 750 2276 χθων
764 2186 947 2278 εύρυάγυια

91 2293 225 2362 Νύσιον
237 2287 282 2380 ἀμ
296 2296 429 2378 πεδίον,
449 2295 491 2379 τῇ
503 2289 643 2376 όρουσεν
656 2288 737 2371 ἀναξ
751 2293 979 2379 Πολυδέγμων

91 2401 205 2472 ἵπποις
219 2390 434 2478 ἀθανάτοισι,
455 2391 589 2480 Κρόνου
603 2389 819 2477 πολυώνυμος
832 2389 912 2470 υίός.

91 2492 239 2584 ἁρπάξας
254 2491 287 2562 δ’
303 2492 467 2563 ἀέκουσαν
481 2495 534 2561 ἐπὶ
547 2494 735 2580 χρυσέοισιν
748 2488 875 2578 όχοισιν
946 2474 949 2480 ’

91 2589 149 2687 ἦγ’
166 2594 434 2684 ὀλοφυρομένην·
455 2593 568 2682 ἰάχησε
584 2590 616 2662 δ’
631 2589 687 2687 ἀρ’
704 2590 804 2681 όρθια
819 2599 926 2683 φωνῇ,
1060 2611 1095 2664 20

91 2701 273 2786 κεκλομένη
287 2699 411 2783 πατέρα
424 2701 595 2784 Κρονίδην
608 2693 737 2763 ὕπατον
750 2696 807 2763 καὶ
820 2692 962 2784 ἀριστον,

91 2798 176 2869 ούδέ
185 2827 234 2878 τις
247 2795 428 2867 ἀθανάτων
441 2794 520 2866 ούδὲ
533 2799 669 2882 θνητῶν
682 2792 873 2883 ἀνθρώπων

91 2901 237 2990 ῇκουσεν
251 2904 382 2987 φωνῇς,
403 2895 479 2966 οὐδ’
494 2894 864 2984 ἀγλαόκαρποιἝλειαι·

92 3010 125 3072 εἰ
136 2999 181 3091 μῇ
193 2999 364 3090 Περσαίου
375 2998 527 3088 θυγάτηρ
541 2996 644 3068 ἀταλά
657 3000 845 3087 φρονέουσα

92 3102 168 3173 ἀῖεν
182 3106 214 3187 ἐξ
228 3100 368 3187 ἀντρου,
385 3101 500 3187 Ἑκάτη
513 3099 824 3188 λιπαροκρήδεμνος,
1059 3114 1093 3168 25

89 3204 216 3285 Ἠέλιός
229 3233 264 3273 τε
278 3201 375 3289 ἀναξ,
390 3201 577 3287 Ὑπερίονος
591 3199 710 3287 ἀγλαὸς
723 3199 804 3286 υίὸς,

92 3305 216 3395 κούρης
230 3307 428 3393 κεκλομένης
442 3305 566 3391 πατέρα
579 3308 766 3391 Κρονίδην·
787 3297 804 3370 ὁ
821 3302 856 3370 δὲ
870 3301 991 3389 νόσφιν

91 3398 172 3496 ἧστο
185 3412 277 3476 θεων
291 3403 463 3475 ἀπάνευθε
476 3411 681 3493 πολυλλίστῳ
695 3405 746 3472 ἐνὶ
758 3407 839 3493 νηῷ,

93 3512 252 3597 δέγμενος
266 3507 337 3595 ἱερά
350 3505 435 3576 καλά
448 3504 685 3593 παρὰ-θνητῶν
698 3501 897 3594 ἀνθρώπων.

142 3620 258 3670 Eoum
274 3620 381 3670 Hmu.
876 3617 896 3674 λ,
