2376 3900
129 198 169 262 78
187 214 287 267 xx1x.
301 214 364 265 mx
377 212 522 264 τευτευ.
540 212 625 263 xxx.
638 209 700 261 μιν
714 209 790 262 mx
803 209 956 261 MHTEPA
968 211 1133 266 Πλατωα.

129 368 263 450 Παλλάς
274 370 449 459 Ἀθηναίη·
468 367 596 456 γήθησε
610 366 647 435 δὲ
660 373 794 455 μητίετα
809 364 902 444 Ζεύς.

205 476 272 543 Καὶ
284 471 327 542 σὺ
340 472 402 562 μέν
415 468 501 540 οὕτω
515 484 625 556 χαῖρε,
647 467 728 547 Διός
741 472 834 549 τέκος
848 468 1024 557 αἰγιόχοιο·

129 575 234 665 αάτάρ
249 574 313 664 έγώ
327 577 383 644 καὶ
396 589 466 642 σεῖο
480 573 535 640 καὶ
548 568 648 658 ἀλλης
661 567 803 660 μνήσομ’
819 569 940 659 ἀοιδῆς.

564 887 695 951 XXIX.

516 1026 578 1076 ΕΙΣ
601 1024 745 1076 παντων.

201 1165 326 1255 Ἐστίη,
348 1163 369 1255 ή
381 1166 516 1236 πόντων
530 1171 567 1237 έν
583 1166 732 1257 δώμασιν
745 1165 923 1255 ὑψηλοῖσιν

128 1267 308 1340 ἀθανάτων
321 1295 357 1338 τε
371 1273 463 1338 θεῶν
475 1272 576 1359 χαμαὶ
589 1273 775 1363 ἐρχομένων
787 1266 818 1338 τ’
833 1265 1024 1358 ἀνθρώπων
1077 1328 1082 1336 ,

128 1377 230 1462 ἕδρην
244 1369 354 1442 ἀίδιον
367 1379 478 1459 ἔλαχε,
499 1370 805 1463 πρεσβηίδατιμήν,

129 1473 231 1545 καλόν
246 1483 365 1563 ἔχουσα
379 1477 477 1563 γέρας
490 1477 546 1544 καὶ
559 1486 682 1565 τίμιον·
704 1471 744 1543 οὐ
757 1472 821 1562 γὰρ
834 1470 913 1562 ἀτερ
926 1477 989 1540 σοῦ

130 1585 296 1648 εἰλαπίναι
309 1587 500 1664 θνητοῖσιν,
523 1574 572 1646 ἵν’
590 1574 631 1647 οά
645 1575 758 1666 πρώτη
773 1574 905 1664 πυμάτη
919 1601 954 1643 τε
1118 1591 1136 1644 5

127 1675 232 1770 Ἑστίη
247 1677 426 1769 ἀρχόμενος
439 1681 576 1748 σπένδει
590 1681 747 1768 μελιηδέα
760 1677 867 1747 οἶνον·
1065 1668 1068 1674 ’

77 1781 79 1785 ¹
128 1785 184 1851 καὶ
197 1783 240 1852 σύ
253 1809 323 1871 μοι,
343 1778 576 1871 Ἀργειφόντα,
597 1779 679 1860 Διὸς
693 1783 748 1850 καὶ
761 1779 917 1858 Μαιάδος
932 1777 994 1865 νίδ,

128 1882 247 1971 ἀγγελε
260 1887 328 1952 τάν
341 1882 517 1972 μακάρων,
538 1880 761 1973 χρυσόρραπι,
785 1887 889 1970 δάτορ
905 1879 1003 1966 έάων,

128 1992 221 2065 ἵλαος
236 1981 284 2055 ἀν
299 1983 442 2073 έπάρηγε
456 1984 520 2055 σδν
534 1991 644 2074 αἰδοίη
658 2012 694 2053 τε
708 1991 789 2074 φίλη
804 2011 839 2053 τε

124 2085 248 2177 Ἐστίη·
270 2084 450 2176 ἀμφότεροι
463 2084 526 2176 γάρ
541 2090 744 2174 ἐπιχθονίων
757 2083 948 2175 ἀνθρώπων
1101 2103 1134 2156 10

112 2197 237 2259 ’ναίετε
253 2188 386 2277 δώματα
400 2187 500 2277 καλά,
521 2197 603 2278 φίλα
616 2190 737 2278 φρεσίν
749 2185 951 2277 ἀλλήλοισιν

35 2363 37 2368 ,
129 2290 269 2378 εἰδότες,
292 2298 436 2381 ἔργματα
449 2291 535 2362 καλά
548 2290 615 2384 νόω
629 2289 669 2360 θ’
689 2295 832 2361 ἕσπεσθε
845 2291 901 2359 καὶ
914 2286 989 2377 ήβη.
1075 2362 1105 2382 -.

178 2403 293 2485 Χαῖρε,
303 2393 437 2483 Κρόνου
446 2392 605 2484 θάγατερ,
615 2393 658 2463 σύ
669 2421 705 2462 τε
713 2394 769 2462 καὶ
777 2387 1133 2483 χρυσόρραπιςἙρμής.

128 2495 232 2588 αάτάρ
247 2494 333 2586 έγάν
346 2494 458 2586 ὑμέων
471 2498 577 2574 τεκαὶ
589 2493 690 2584 ἀλλης
704 2491 845 2584 μνήσομ’
861 2491 982 2581 ἀοιδῆς.

568 2830 682 2895 XXX.

378 2965 440 3017 mx
457 2966 533 3020 mxx
550 2967 704 3020 MHTEPA
717 2963 879 3018 Πεαυωα.

204 3113 311 3176 Γαῖαν
324 3107 553 3199 παμμήτειραν
566 3106 732 3197 ἀείσομαι,
753 3104 979 3194 ήῦθέμεθλον,

127 3215 345 3297 πρεσβίστην,
366 3207 387 3298 ή
400 3213 518 3299 φέρβει
534 3212 588 3279 ἐπὶ
600 3213 699 3298 χθονὶ
713 3205 832 3293 πάνθ’,
853 3204 950 3276 δπόσ’
966 3208 1067 3293 ἐστὶν,

127 3308 209 3398 ήμδν
222 3307 284 3380 ὅσα
296 3311 404 3399 χθόνα
419 3317 496 3382 δῖαν
511 3316 696 3402 ἐπέρχεται,
717 3309 773 3400 ήδ’
788 3308 849 3379 ὅσα
864 3309 998 3396 πόντον,

129 3407 182 3501 ἠδ’
197 3408 259 3481 ὅσα
271 3418 463 3501 πωτῶνται,
483 3414 563 3484 τάδε
579 3418 738 3505 φέρβεται
752 3417 788 3484 έιι
801 3417 903 3483 σέθεν
916 3410 1028 3500 ὄλβου.

127 3518 163 3585 έν
177 3516 233 3584 σέο
248 3509 283 3584 δ’
299 3512 454 3598 εὔπαιδές
467 3544 502 3587 τε
515 3520 571 3587 καὶ
585 3513 744 3606 εὔκαρποι
757 3518 942 3602 τελέθουσι,
1116 3529 1134 3584 5

66 3640 231 3668 Δ..
