<?xml version="1.0" encoding="UTF-8"?>
<!DOCTYPE html PUBLIC "-//W3C//DTD XHTML 1.0 Transitional//EN"
    "http://www.w3.org/TR/xhtml1/DTD/xhtml1-transitional.dtd">
<html xmlns="http://www.w3.org/1999/xhtml" xml:lang="en" lang="en">
 <head>
  <title>
</title>
<meta http-equiv="Content-Type" content="text/html;charset=utf-8" />
  <meta name='ocr-system' content='tesseract 3.04.00' />
  <meta name='ocr-capabilities' content='ocr_page ocr_carea ocr_par ocr_line ocrx_word'/>
</head>
<body>
  <div class='ocr_page' id='page_1' title='image "./hymnihomericiac00baumgoog_0117.png"; bbox 0 0 2376 3900; ppageno 0'>
   <div class='ocr_carea' id='block_1_1' title="bbox 128 159 804 222">
    <p class='ocr_par' dir='ltr' id='par_1_1' title="bbox 128 159 804 222">
     <span class='ocr_line' id='line_1_1' title="bbox 128 159 804 222; baseline 0.001 -3"><span class='ocrx_word' id='word_1_1' title='bbox 128 159 168 220; x_wconf 82' lang='grc'><strong><em>94</em></strong></span> <span class='ocrx_word' id='word_1_2' title='bbox 438 168 804 222; x_wconf 72' lang='grc' dir='ltr'>ΒΔΤΡΔΧΟΜΤΟΜΑΧΙΑ</span> 
     </span>
    </p>
   </div>
   <div class='ocr_carea' id='block_1_2' title="bbox 126 323 1132 1428">
    <p class='ocr_par' dir='ltr' id='par_1_2' title="bbox 128 323 977 620">
     <span class='ocr_line' id='line_1_2' title="bbox 132 323 977 416; baseline -0.004 -19"><span class='ocrx_word' id='word_1_3' title='bbox 132 327 306 415; x_wconf 79' lang='grc' dir='ltr'><strong><em>Ψιχάρπαξ</em></strong></span> <span class='ocrx_word' id='word_1_4' title='bbox 320 328 381 416; x_wconf 76' lang='grc' dir='ltr'><strong><em>μὲν</em></strong></span> <span class='ocrx_word' id='word_1_5' title='bbox 394 324 459 413; x_wconf 82' lang='grc' dir='ltr'><strong><em>έγω</em></strong></span> <span class='ocrx_word' id='word_1_6' title='bbox 472 324 702 414; x_wconf 86' lang='grc' dir='ltr'><strong><em>κικλήσκομαι·</em></strong></span> <span class='ocrx_word' id='word_1_7' title='bbox 724 324 789 411; x_wconf 79' lang='grc' dir='ltr'><strong><em>είμὶ</em></strong></span> <span class='ocrx_word' id='word_1_8' title='bbox 807 323 844 392; x_wconf 72' lang='grc' dir='ltr'><strong><em>δέ</em></strong></span> <span class='ocrx_word' id='word_1_9' title='bbox 856 341 977 412; x_wconf 85' lang='grc' dir='ltr'><strong><em>κοῦρος</em></strong></span> 
     </span>
     <span class='ocr_line' id='line_1_3' title="bbox 133 422 975 518; baseline -0.006 -20"><span class='ocrx_word' id='word_1_10' title='bbox 133 429 327 518; x_wconf 86' lang='grc' dir='ltr'><strong><em>Τρωξάρταυ</em></strong></span> <span class='ocrx_word' id='word_1_11' title='bbox 340 426 462 517; x_wconf 83' lang='grc' dir='ltr'><strong><em>πατρὸς</em></strong></span> <span class='ocrx_word' id='word_1_12' title='bbox 476 425 709 516; x_wconf 76' lang='grc' dir='ltr'><strong><em>μεγαλήτορος·</em></strong></span> <span class='ocrx_word' id='word_1_13' title='bbox 728 422 749 513; x_wconf 87' lang='grc' dir='ltr'><strong><em>ή</em></strong></span> <span class='ocrx_word' id='word_1_14' title='bbox 764 426 803 495; x_wconf 88' lang='grc' dir='ltr'><strong><em>δέ</em></strong></span> <span class='ocrx_word' id='word_1_15' title='bbox 813 453 856 493; x_wconf 93' lang='grc' dir='ltr'><strong><em>νυ</em></strong></span> <span class='ocrx_word' id='word_1_16' title='bbox 869 426 975 516; x_wconf 87' lang='grc' dir='ltr'><strong><em>μήτηρ</em></strong></span> 
     </span>
     <span class='ocr_line' id='line_1_4' title="bbox 128 527 975 620; baseline 0 -21"><span class='ocrx_word' id='word_1_17' title='bbox 128 531 333 620; x_wconf 87' lang='grc' dir='ltr'><strong><em>Λειχομύλη,</em></strong></span> <span class='ocrx_word' id='word_1_18' title='bbox 352 527 505 618; x_wconf 84' lang='grc' dir='ltr'><strong><em>θυγατήρ</em></strong></span> <span class='ocrx_word' id='word_1_19' title='bbox 519 527 797 616; x_wconf 81' lang='grc' dir='ltr'><strong><em>Πτερνοτρύκτου</em></strong></span> <span class='ocrx_word' id='word_1_20' title='bbox 811 534 975 617; x_wconf 77' lang='grc' dir='ltr'><strong><em>βασιλῆος.</em></strong></span> 
     </span>
    </p>

    <p class='ocr_par' dir='ltr' id='par_1_3' title="bbox 128 629 1131 820">
     <span class='ocr_line' id='line_1_5' title="bbox 129 629 1131 720; baseline 0.002 -19"><span class='ocrx_word' id='word_1_21' title='bbox 129 640 260 720; x_wconf 82' lang='grc' dir='ltr'><strong><em>γείνατο</em></strong></span> <span class='ocrx_word' id='word_1_22' title='bbox 276 630 309 701; x_wconf 91' lang='grc' dir='ltr'><strong><em>δ’</em></strong></span> <span class='ocrx_word' id='word_1_23' title='bbox 326 636 365 702; x_wconf 88' lang='grc' dir='ltr'><strong><em>έν</em></strong></span> <span class='ocrx_word' id='word_1_24' title='bbox 377 629 505 718; x_wconf 88' lang='grc' dir='ltr'><strong><em>καλύβη</em></strong></span> <span class='ocrx_word' id='word_1_25' title='bbox 519 658 560 718; x_wconf 91' lang='grc' dir='ltr'><strong><em>με</em></strong></span> <span class='ocrx_word' id='word_1_26' title='bbox 575 633 630 698; x_wconf 82' lang='grc' dir='ltr'><strong><em>καὶ</em></strong></span> <span class='ocrx_word' id='word_1_27' title='bbox 643 630 842 715; x_wconf 74' lang='grc' dir='ltr'><strong><em>ἐξεθρέψατο</em></strong></span> <span class='ocrx_word' id='word_1_28' title='bbox 856 637 1007 719; x_wconf 78' lang='grc' dir='ltr'><strong><em>βρωτοῖς,</em></strong></span> <span class='ocrx_word' id='word_1_29' title='bbox 1095 650 1131 703; x_wconf 78' lang='lat'><strong><em>30</em></strong></span> 
     </span>
     <span class='ocr_line' id='line_1_6' title="bbox 128 720 978 820; baseline 0.001 -19"><span class='ocrx_word' id='word_1_30' title='bbox 128 733 240 814; x_wconf 83' lang='grc' dir='ltr'><strong><em>σύκοις</em></strong></span> <span class='ocrx_word' id='word_1_31' title='bbox 254 737 307 802; x_wconf 76' lang='grc' dir='ltr'><strong><em>καλ</em></strong></span> <span class='ocrx_word' id='word_1_32' title='bbox 322 720 457 820; x_wconf 88' lang='grc' dir='ltr'><strong><em>καρύοις</em></strong></span> <span class='ocrx_word' id='word_1_33' title='bbox 470 734 526 800; x_wconf 81' lang='grc' dir='ltr'><strong><em>καὶ</em></strong></span> <span class='ocrx_word' id='word_1_34' title='bbox 540 734 694 819; x_wconf 79' lang='grc' dir='ltr'><strong><em>ἐδέσμασι</em></strong></span> <span class='ocrx_word' id='word_1_35' title='bbox 707 735 978 802; x_wconf 84' lang='grc' dir='ltr'><strong><em>παντοδαποῖσιν.</em></strong></span> 
     </span>
    </p>

    <p class='ocr_par' dir='ltr' id='par_1_4' title="bbox 128 828 1029 923">
     <span class='ocr_line' id='line_1_7' title="bbox 128 828 1029 923; baseline 0.001 -20"><span class='ocrx_word' id='word_1_36' title='bbox 128 841 197 915; x_wconf 79' lang='grc' dir='ltr'><strong><em>πως</em></strong></span> <span class='ocrx_word' id='word_1_37' title='bbox 213 835 248 904; x_wconf 70' lang='grc' dir='ltr'><strong><em>δὲ</em></strong></span> <span class='ocrx_word' id='word_1_38' title='bbox 262 844 363 923; x_wconf 91' lang='grc' dir='ltr'><strong><em>φίλον</em></strong></span> <span class='ocrx_word' id='word_1_39' title='bbox 376 838 455 922; x_wconf 80' lang='grc' dir='ltr'><strong><em>ποιῇ</em></strong></span> <span class='ocrx_word' id='word_1_40' title='bbox 468 860 525 920; x_wconf 90' lang='grc' dir='ltr'><strong><em>με,</em></strong></span> <span class='ocrx_word' id='word_1_41' title='bbox 547 832 605 901; x_wconf 84' lang='grc' dir='ltr'><strong><em>τὸν</em></strong></span> <span class='ocrx_word' id='word_1_42' title='bbox 619 836 652 912; x_wconf 89' lang='grc' dir='ltr'><strong><em>ές</em></strong></span> <span class='ocrx_word' id='word_1_43' title='bbox 667 831 771 919; x_wconf 88' lang='grc' dir='ltr'><strong><em>φύσιν</em></strong></span> <span class='ocrx_word' id='word_1_44' title='bbox 783 828 885 902; x_wconf 73' lang='grc' dir='ltr'><strong><em>οὐδέν</em></strong></span> <span class='ocrx_word' id='word_1_45' title='bbox 898 831 1029 923; x_wconf 86' lang='grc' dir='ltr'><strong><em>όμοῖον;</em></strong></span> 
     </span>
    </p>

    <p class='ocr_par' dir='ltr' id='par_1_5' title="bbox 126 929 979 1025">
     <span class='ocr_line' id='line_1_8' title="bbox 126 929 979 1025; baseline 0 -20"><span class='ocrx_word' id='word_1_46' title='bbox 126 940 180 1006; x_wconf 82' lang='grc' dir='ltr'><strong><em>συὶ</em></strong></span> <span class='ocrx_word' id='word_1_47' title='bbox 193 936 330 1025; x_wconf 77' lang='grc' dir='ltr'><strong><em>μὲνγὰρ</em></strong></span> <span class='ocrx_word' id='word_1_48' title='bbox 345 944 416 1024; x_wconf 92' lang='grc' dir='ltr'><strong><em>βίος</em></strong></span> <span class='ocrx_word' id='word_1_49' title='bbox 430 935 519 1003; x_wconf 80' lang='grc' dir='ltr'><strong><em>έστλν</em></strong></span> <span class='ocrx_word' id='word_1_50' title='bbox 532 937 569 1003; x_wconf 89' lang='grc' dir='ltr'><strong><em>έν</em></strong></span> <span class='ocrx_word' id='word_1_51' title='bbox 581 932 718 1002; x_wconf 81' lang='grc' dir='ltr'><strong><em>ὕδασιν·</em></strong></span> <span class='ocrx_word' id='word_1_52' title='bbox 738 929 843 1020; x_wconf 76' lang='grc' dir='ltr'><strong><em>αὐτὰρ</em></strong></span> <span class='ocrx_word' id='word_1_53' title='bbox 857 942 979 1023; x_wconf 81' lang='grc' dir='ltr'><strong><em>ἔμοιγε,</em></strong></span> 
     </span>
    </p>

    <p class='ocr_par' dir='ltr' id='par_1_6' title="bbox 127 1031 1132 1328">
     <span class='ocr_line' id='line_1_9' title="bbox 127 1031 1062 1126; baseline 0.002 -19"><span class='ocrx_word' id='word_1_54' title='bbox 127 1036 209 1107; x_wconf 86' lang='grc' dir='ltr'><strong><em>όσσα</em></strong></span> <span class='ocrx_word' id='word_1_55' title='bbox 224 1037 304 1125; x_wconf 93' lang='grc' dir='ltr'><strong><em>παρ’</em></strong></span> <span class='ocrx_word' id='word_1_56' title='bbox 319 1035 529 1125; x_wconf 78' lang='grc' dir='ltr'><strong><em>άνθροόπυις,</em></strong></span> <span class='ocrx_word' id='word_1_57' title='bbox 549 1034 690 1123; x_wconf 74' lang='grc' dir='ltr'><strong><em>τρώγειν</em></strong></span> <span class='ocrx_word' id='word_1_58' title='bbox 703 1041 795 1114; x_wconf 79' lang='grc' dir='ltr'><strong><em>ἔθυς’</em></strong></span> <span class='ocrx_word' id='word_1_59' title='bbox 816 1031 899 1105; x_wconf 87' lang='grc' dir='ltr'><strong><em>υύδέ</em></strong></span> <span class='ocrx_word' id='word_1_60' title='bbox 908 1065 950 1124; x_wconf 91' lang='grc' dir='ltr'><strong><em>με</em></strong></span> <span class='ocrx_word' id='word_1_61' title='bbox 963 1037 1062 1126; x_wconf 88' lang='grc' dir='ltr'><strong><em>λήθει</em></strong></span> 
     </span>
     <span class='ocr_line' id='line_1_10' title="bbox 127 1133 1132 1227; baseline 0.001 -19"><span class='ocrx_word' id='word_1_62' title='bbox 127 1137 223 1227; x_wconf 78' lang='grc' dir='ltr'><strong><em>ἄρτος</em></strong></span> <span class='ocrx_word' id='word_1_63' title='bbox 238 1138 488 1216; x_wconf 90' lang='grc' dir='ltr'><strong><em>δισκοπάνιστυς</em></strong></span> <span class='ocrx_word' id='word_1_64' title='bbox 501 1133 560 1204; x_wconf 79' lang='grc' dir='ltr'><strong><em>ἄπ’</em></strong></span> <span class='ocrx_word' id='word_1_65' title='bbox 576 1133 740 1206; x_wconf 78' lang='grc' dir='ltr'><strong><em>εὐκύκλου</em></strong></span> <span class='ocrx_word' id='word_1_66' title='bbox 753 1138 897 1222; x_wconf 76' lang='grc' dir='ltr'><strong><em>κανέοιο,</em></strong></span> <span class='ocrx_word' id='word_1_67' title='bbox 1096 1157 1132 1210; x_wconf 84' lang='grc'><strong><em>35</em></strong></span> 
     </span>
     <span class='ocr_line' id='line_1_11' title="bbox 127 1237 1010 1328; baseline 0 -19"><span class='ocrx_word' id='word_1_68' title='bbox 127 1239 168 1309; x_wconf 89' lang='grc' dir='ltr'><strong><em>ού</em></strong></span> <span class='ocrx_word' id='word_1_69' title='bbox 183 1241 337 1319; x_wconf 80' lang='grc' dir='ltr'><strong><em>πλακόεις</em></strong></span> <span class='ocrx_word' id='word_1_70' title='bbox 349 1239 556 1317; x_wconf 80' lang='grc' dir='ltr'><strong><em>τανύπεπλος</em></strong></span> <span class='ocrx_word' id='word_1_71' title='bbox 570 1246 655 1325; x_wconf 87' lang='grc' dir='ltr'><strong><em>έχων</em></strong></span> <span class='ocrx_word' id='word_1_72' title='bbox 668 1237 754 1306; x_wconf 81' lang='grc' dir='ltr'><strong><em>πολὺ</em></strong></span> <span class='ocrx_word' id='word_1_73' title='bbox 769 1238 1010 1328; x_wconf 88' lang='grc' dir='ltr'><strong><em>σησαμότυρυν,</em></strong></span> 
     </span>
    </p>

    <p class='ocr_par' dir='ltr' id='par_1_7' title="bbox 127 1337 949 1428">
     <span class='ocr_line' id='line_1_12' title="bbox 127 1337 949 1428; baseline 0.001 -19"><span class='ocrx_word' id='word_1_74' title='bbox 127 1340 167 1410; x_wconf 91' lang='grc' dir='ltr'><strong><em>υύ</em></strong></span> <span class='ocrx_word' id='word_1_75' title='bbox 181 1339 277 1428; x_wconf 88' lang='grc' dir='ltr'><strong><em>τόμος</em></strong></span> <span class='ocrx_word' id='word_1_76' title='bbox 290 1345 328 1410; x_wconf 89' lang='grc' dir='ltr'><strong><em>έκ</em></strong></span> <span class='ocrx_word' id='word_1_77' title='bbox 341 1346 496 1428; x_wconf 89' lang='grc' dir='ltr'><strong><em>πτέρνης,</em></strong></span> <span class='ocrx_word' id='word_1_78' title='bbox 517 1337 577 1427; x_wconf 87' lang='grc' dir='ltr'><strong><em>υύχ</em></strong></span> <span class='ocrx_word' id='word_1_79' title='bbox 594 1337 702 1427; x_wconf 84' lang='grc' dir='ltr'><strong><em>ήπατα</em></strong></span> <span class='ocrx_word' id='word_1_80' title='bbox 716 1348 949 1428; x_wconf 86' lang='grc' dir='ltr'><strong><em>λενκυχίτωνα,</em></strong></span> 
     </span>
    </p>
   </div>
   <div class='ocr_carea' id='block_1_3' title="bbox 125 1439 1131 1838">
    <p class='ocr_par' dir='ltr' id='par_1_8' title="bbox 126 1439 922 1532">
     <span class='ocr_line' id='line_1_13' title="bbox 126 1439 922 1532; baseline 0 -21"><span class='ocrx_word' id='word_1_81' title='bbox 126 1441 167 1512; x_wconf 91' lang='grc' dir='ltr'><strong><em>ού</em></strong></span> <span class='ocrx_word' id='word_1_82' title='bbox 181 1443 279 1532; x_wconf 86' lang='grc' dir='ltr'><strong><em>τυρὸς</em></strong></span> <span class='ocrx_word' id='word_1_83' title='bbox 292 1443 470 1531; x_wconf 91' lang='grc' dir='ltr'><strong><em>νεόπηκτυς</em></strong></span> <span class='ocrx_word' id='word_1_84' title='bbox 483 1439 548 1510; x_wconf 84' lang='grc' dir='ltr'><strong><em>άπὸ</em></strong></span> <span class='ocrx_word' id='word_1_85' title='bbox 561 1449 735 1529; x_wconf 79' lang='grc' dir='ltr'><strong><em>γλυκεροῖο</em></strong></span> <span class='ocrx_word' id='word_1_86' title='bbox 750 1440 922 1528; x_wconf 89' lang='grc' dir='ltr'><strong><em>γάλακτος,</em></strong></span> 
     </span>
    </p>

    <p class='ocr_par' dir='ltr' id='par_1_9' title="bbox 125 1541 1003 1633">
     <span class='ocr_line' id='line_1_14' title="bbox 125 1541 1003 1633; baseline -0.002 -19"><span class='ocrx_word' id='word_1_87' title='bbox 125 1543 166 1614; x_wconf 90' lang='grc' dir='ltr'><strong><em>ού</em></strong></span> <span class='ocrx_word' id='word_1_88' title='bbox 178 1543 321 1633; x_wconf 88' lang='grc' dir='ltr'><strong><em>χρηστόν</em></strong></span> <span class='ocrx_word' id='word_1_89' title='bbox 333 1552 514 1632; x_wconf 86' lang='grc' dir='ltr'><strong><em>μελίτωμα,</em></strong></span> <span class='ocrx_word' id='word_1_90' title='bbox 534 1541 571 1611; x_wconf 89' lang='grc' dir='ltr'><strong><em>τὸ</em></strong></span> <span class='ocrx_word' id='word_1_91' title='bbox 584 1547 640 1612; x_wconf 85' lang='grc' dir='ltr'><strong><em>καὶ</em></strong></span> <span class='ocrx_word' id='word_1_92' title='bbox 652 1543 796 1631; x_wconf 81' lang='grc' dir='ltr'><strong><em>μάκαρες</em></strong></span> <span class='ocrx_word' id='word_1_93' title='bbox 809 1547 1003 1631; x_wconf 87' lang='grc' dir='ltr'><strong><em>ποθέουσιν,</em></strong></span> 
     </span>
    </p>

    <p class='ocr_par' dir='ltr' id='par_1_10' title="bbox 126 1644 1131 1838">
     <span class='ocr_line' id='line_1_15' title="bbox 126 1644 1131 1736; baseline 0.003 -21"><span class='ocrx_word' id='word_1_94' title='bbox 126 1645 200 1716; x_wconf 85' lang='grc' dir='ltr'><strong><em>οὐδ’</em></strong></span> <span class='ocrx_word' id='word_1_95' title='bbox 214 1645 277 1717; x_wconf 80' lang='grc' dir='ltr'><strong><em>ὅσα</em></strong></span> <span class='ocrx_word' id='word_1_96' title='bbox 290 1645 371 1735; x_wconf 86' lang='grc' dir='ltr'><strong><em>πρός</em></strong></span> <span class='ocrx_word' id='word_1_97' title='bbox 384 1654 502 1723; x_wconf 87' lang='grc' dir='ltr'><strong><em>θοίνας</em></strong></span> <span class='ocrx_word' id='word_1_98' title='bbox 515 1644 671 1733; x_wconf 84' lang='grc' dir='ltr'><strong><em>μερόπων</em></strong></span> <span class='ocrx_word' id='word_1_99' title='bbox 684 1644 837 1732; x_wconf 88' lang='grc' dir='ltr'><strong><em>τεύχυνσι</em></strong></span> <span class='ocrx_word' id='word_1_100' title='bbox 852 1646 1015 1736; x_wconf 89' lang='grc' dir='ltr'><strong><em>μάγειροι,</em></strong></span> <span class='ocrx_word' id='word_1_101' title='bbox 1094 1666 1131 1718; x_wconf 81' lang='lat'><strong><em>40</em></strong></span> 
     </span>
     <span class='ocr_line' id='line_1_16' title="bbox 127 1744 917 1838; baseline 0.001 -21"><span class='ocrx_word' id='word_1_102' title='bbox 127 1754 325 1838; x_wconf 76' lang='grc' dir='ltr'><strong><em>κοσμοῦντες</em></strong></span> <span class='ocrx_word' id='word_1_103' title='bbox 338 1747 457 1834; x_wconf 87' lang='grc' dir='ltr'><strong><em>χύτρας</em></strong></span> <span class='ocrx_word' id='word_1_104' title='bbox 471 1744 632 1834; x_wconf 86' lang='grc' dir='ltr'><strong><em>άρτύμασι</em></strong></span> <span class='ocrx_word' id='word_1_105' title='bbox 645 1751 917 1818; x_wconf 89' lang='grc' dir='ltr'><strong><em>παντοδαποῖσιν.</em></strong></span> 
     </span>
    </p>
   </div>
   <div class='ocr_carea' id='block_1_4' title="bbox 105 1844 1130 3562">
    <p class='ocr_par' dir='ltr' id='par_1_11' title="bbox 128 1844 974 1938">
     <span class='ocr_line' id='line_1_17' title="bbox 128 1844 974 1938; baseline 0 -19"><span class='ocrx_word' id='word_1_106' title='bbox 128 1848 294 1928; x_wconf 81' lang='grc' dir='ltr'><strong><em>[οὐδέποτ’</em></strong></span> <span class='ocrx_word' id='word_1_107' title='bbox 311 1854 346 1918; x_wconf 82' lang='grc' dir='ltr'><strong><em>ἐκ</em></strong></span> <span class='ocrx_word' id='word_1_108' title='bbox 360 1851 513 1936; x_wconf 88' lang='grc' dir='ltr'><strong><em>πολέμοιο</em></strong></span> <span class='ocrx_word' id='word_1_109' title='bbox 527 1848 632 1938; x_wconf 78' lang='grc' dir='ltr'><strong><em>κακήν</em></strong></span> <span class='ocrx_word' id='word_1_110' title='bbox 650 1844 841 1937; x_wconf 76' lang='grc' dir='ltr'><strong><em>ἀπέφευγον</em></strong></span> <span class='ocrx_word' id='word_1_111' title='bbox 857 1847 974 1937; x_wconf 76' lang='grc' dir='ltr'><strong><em>ἀυτήν,</em></strong></span> 
     </span>
    </p>

    <p class='ocr_par' dir='ltr' id='par_1_12' title="bbox 125 1947 984 2039">
     <span class='ocr_line' id='line_1_18' title="bbox 125 1947 984 2039; baseline 0 -20"><span class='ocrx_word' id='word_1_112' title='bbox 125 1949 201 2019; x_wconf 81' lang='grc' dir='ltr'><strong><em>ἄλλ’</em></strong></span> <span class='ocrx_word' id='word_1_113' title='bbox 218 1949 296 2030; x_wconf 83' lang='grc' dir='ltr'><strong><em>ίθύς</em></strong></span> <span class='ocrx_word' id='word_1_114' title='bbox 309 1949 390 2039; x_wconf 77' lang='grc' dir='ltr'><strong><em>μετὰ</em></strong></span> <span class='ocrx_word' id='word_1_115' title='bbox 403 1954 513 2036; x_wconf 73' lang='grc' dir='ltr'><strong><em>μῶλον</em></strong></span> <span class='ocrx_word' id='word_1_116' title='bbox 528 1947 588 2018; x_wconf 79' lang='grc' dir='ltr'><strong><em>ίόιν</em></strong></span> <span class='ocrx_word' id='word_1_117' title='bbox 602 1947 819 2039; x_wconf 76' lang='grc' dir='ltr'><strong><em>προμάχοισιν</em></strong></span> <span class='ocrx_word' id='word_1_118' title='bbox 833 1952 984 2038; x_wconf 87' lang='grc' dir='ltr'><strong><em>έμίχθην.</em></strong></span> 
     </span>
    </p>

    <p class='ocr_par' dir='ltr' id='par_1_13' title="bbox 124 2049 994 2140">
     <span class='ocr_line' id='line_1_19' title="bbox 124 2049 994 2140; baseline 0.003 -21"><span class='ocrx_word' id='word_1_119' title='bbox 124 2049 165 2120; x_wconf 88' lang='grc' dir='ltr'><strong><em>ού</em></strong></span> <span class='ocrx_word' id='word_1_120' title='bbox 180 2049 266 2121; x_wconf 88' lang='grc' dir='ltr'><strong><em>δέδι’</em></strong></span> <span class='ocrx_word' id='word_1_121' title='bbox 281 2049 463 2138; x_wconf 76' lang='grc' dir='ltr'><strong><em>ἄνθρωπον</em></strong></span> <span class='ocrx_word' id='word_1_122' title='bbox 476 2059 594 2139; x_wconf 90' lang='grc' dir='ltr'><strong><em>καίπερ</em></strong></span> <span class='ocrx_word' id='word_1_123' title='bbox 608 2053 693 2139; x_wconf 85' lang='grc' dir='ltr'><strong><em>μέγα</em></strong></span> <span class='ocrx_word' id='word_1_124' title='bbox 705 2055 799 2140; x_wconf 78' lang='grc' dir='ltr'><strong><em>σῶμα</em></strong></span> <span class='ocrx_word' id='word_1_125' title='bbox 812 2058 994 2139; x_wconf 82' lang='grc' dir='ltr'><strong><em>φοροῦντα,</em></strong></span> 
     </span>
    </p>

    <p class='ocr_par' dir='ltr' id='par_1_14' title="bbox 124 2148 1128 2240">
     <span class='ocr_line' id='line_1_20' title="bbox 124 2148 1128 2240; baseline 0.003 -19"><span class='ocrx_word' id='word_1_126' title='bbox 124 2149 199 2221; x_wconf 82' lang='grc' dir='ltr'><strong><em>ἄλλ’</em></strong></span> <span class='ocrx_word' id='word_1_127' title='bbox 214 2155 268 2222; x_wconf 79' lang='grc' dir='ltr'><strong><em>ἐπὶ</em></strong></span> <span class='ocrx_word' id='word_1_128' title='bbox 280 2156 417 2240; x_wconf 88' lang='grc' dir='ltr'><strong><em>λέκτρον</em></strong></span> <span class='ocrx_word' id='word_1_129' title='bbox 429 2148 490 2221; x_wconf 78' lang='grc' dir='ltr'><strong><em>ίύν</em></strong></span> <span class='ocrx_word' id='word_1_130' title='bbox 506 2153 702 2223; x_wconf 88' lang='grc' dir='ltr'><strong><em>καταδάκνω</em></strong></span> <span class='ocrx_word' id='word_1_131' title='bbox 717 2153 882 2223; x_wconf 88' lang='grc' dir='ltr'><strong><em>δάκτυλον</em></strong></span> <span class='ocrx_word' id='word_1_132' title='bbox 895 2151 1011 2240; x_wconf 74' lang='grc' dir='ltr'><strong><em>ἄκρον,</em></strong></span> <span class='ocrx_word' id='word_1_133' title='bbox 1094 2172 1128 2224; x_wconf 76' lang='lat'><strong><em>45</em></strong></span> 
     </span>
    </p>

    <p class='ocr_par' dir='ltr' id='par_1_15' title="bbox 124 2252 1026 2343">
     <span class='ocr_line' id='line_1_21' title="bbox 124 2252 1026 2343; baseline 0.001 -20"><span class='ocrx_word' id='word_1_134' title='bbox 124 2257 180 2323; x_wconf 81' lang='grc' dir='ltr'><strong><em>καὶ</em></strong></span> <span class='ocrx_word' id='word_1_135' title='bbox 193 2259 334 2342; x_wconf 85' lang='grc' dir='ltr'><strong><em>πτέρνης</em></strong></span> <span class='ocrx_word' id='word_1_136' title='bbox 347 2254 512 2342; x_wconf 85' lang='grc' dir='ltr'><strong><em>λαβόμην,</em></strong></span> <span class='ocrx_word' id='word_1_137' title='bbox 535 2252 645 2324; x_wconf 84' lang='grc' dir='ltr'><strong><em>καὶού</em></strong></span> <span class='ocrx_word' id='word_1_138' title='bbox 659 2253 760 2335; x_wconf 90' lang='grc' dir='ltr'><strong><em>πόνος</em></strong></span> <span class='ocrx_word' id='word_1_139' title='bbox 775 2253 884 2343; x_wconf 77' lang='grc' dir='ltr'><strong><em>ἄνδρα</em></strong></span> <span class='ocrx_word' id='word_1_140' title='bbox 897 2261 1026 2342; x_wconf 79' lang='grc' dir='ltr'><strong><em>ἵκανεν,</em></strong></span> 
     </span>
    </p>

    <p class='ocr_par' dir='ltr' id='par_1_16' title="bbox 124 2353 974 2446">
     <span class='ocr_line' id='line_1_22' title="bbox 124 2353 974 2446; baseline 0.001 -22"><span class='ocrx_word' id='word_1_141' title='bbox 124 2357 270 2446; x_wconf 87' lang='grc' dir='ltr'><strong><em>νήδυμος</em></strong></span> <span class='ocrx_word' id='word_1_142' title='bbox 283 2353 343 2425; x_wconf 89' lang='grc' dir='ltr'><strong><em>υύκ</em></strong></span> <span class='ocrx_word' id='word_1_143' title='bbox 358 2353 548 2443; x_wconf 85' lang='grc' dir='ltr'><strong><em>άπέφενγεν</em></strong></span> <span class='ocrx_word' id='word_1_144' title='bbox 561 2356 665 2435; x_wconf 85' lang='grc' dir='ltr'><strong><em>ύπνυς</em></strong></span> <span class='ocrx_word' id='word_1_145' title='bbox 682 2357 863 2437; x_wconf 81' lang='grc' dir='ltr'><strong><em>δάκνοντος</em></strong></span> <span class='ocrx_word' id='word_1_146' title='bbox 876 2360 974 2444; x_wconf 86' lang='grc' dir='ltr'><strong><em>έμεῖυ.</em></strong></span> 
     </span>
    </p>

    <p class='ocr_par' dir='ltr' id='par_1_17' title="bbox 123 2455 961 2545">
     <span class='ocr_line' id='line_1_23' title="bbox 123 2455 961 2545; baseline 0.001 -20"><span class='ocrx_word' id='word_1_147' title='bbox 123 2456 206 2527; x_wconf 73' lang='grc' dir='ltr'><strong><em>ἀλλὰ</em></strong></span> <span class='ocrx_word' id='word_1_148' title='bbox 221 2458 289 2527; x_wconf 92' lang='grc' dir='ltr'><strong><em>δύω</em></strong></span> <span class='ocrx_word' id='word_1_149' title='bbox 303 2457 439 2526; x_wconf 90' lang='grc' dir='ltr'><strong><em>πάντων</em></strong></span> <span class='ocrx_word' id='word_1_150' title='bbox 451 2456 537 2545; x_wconf 89' lang='grc' dir='ltr'><strong><em>μάλα</em></strong></span> <span class='ocrx_word' id='word_1_151' title='bbox 552 2465 660 2528; x_wconf 87' lang='grc' dir='ltr'><strong><em>δείδια</em></strong></span> <span class='ocrx_word' id='word_1_152' title='bbox 680 2463 790 2527; x_wconf 82' lang='grc' dir='ltr'><strong><em>πᾶσαν</em></strong></span> <span class='ocrx_word' id='word_1_153' title='bbox 804 2455 857 2528; x_wconf 89' lang='grc' dir='ltr'><strong><em>έπ’</em></strong></span> <span class='ocrx_word' id='word_1_154' title='bbox 872 2457 961 2544; x_wconf 79' lang='grc' dir='ltr'><strong><em>αἶαν,</em></strong></span> 
     </span>
    </p>

    <p class='ocr_par' dir='ltr' id='par_1_18' title="bbox 123 2559 1030 2649">
     <span class='ocr_line' id='line_1_24' title="bbox 123 2559 1030 2649; baseline -0.002 -22"><span class='ocrx_word' id='word_1_155' title='bbox 123 2566 239 2645; x_wconf 88' lang='grc' dir='ltr'><strong><em>κίρκον</em></strong></span> <span class='ocrx_word' id='word_1_156' title='bbox 252 2562 307 2629; x_wconf 81' lang='grc' dir='ltr'><strong><em>καὶ</em></strong></span> <span class='ocrx_word' id='word_1_157' title='bbox 320 2562 460 2647; x_wconf 79' lang='grc' dir='ltr'><strong><em>γαλέην,</em></strong></span> <span class='ocrx_word' id='word_1_158' title='bbox 479 2565 514 2628; x_wconf 81' lang='grc' dir='ltr'><strong><em>οἵ</em></strong></span> <span class='ocrx_word' id='word_1_159' title='bbox 524 2589 579 2649; x_wconf 93' lang='grc' dir='ltr'><strong><em>μοι</em></strong></span> <span class='ocrx_word' id='word_1_160' title='bbox 591 2567 676 2648; x_wconf 86' lang='grc' dir='ltr'><strong><em>μέγα</em></strong></span> <span class='ocrx_word' id='word_1_161' title='bbox 691 2563 816 2638; x_wconf 87' lang='grc' dir='ltr'><strong><em>πένθος</em></strong></span> <span class='ocrx_word' id='word_1_162' title='bbox 829 2559 979 2647; x_wconf 80' lang='grc' dir='ltr'><strong><em>ἄγουσιν,</em></strong></span> <span class='ocrx_word' id='word_1_163' title='bbox 1027 2618 1030 2625; x_wconf 93' lang='grc'><strong><em>.</em></strong></span> 
     </span>
    </p>

    <p class='ocr_par' dir='ltr' id='par_1_19' title="bbox 123 2659 1130 2750">
     <span class='ocr_line' id='line_1_25' title="bbox 123 2659 1130 2750; baseline 0.002 -22"><span class='ocrx_word' id='word_1_164' title='bbox 123 2662 179 2729; x_wconf 82' lang='grc' dir='ltr'><strong><em>καὶ</em></strong></span> <span class='ocrx_word' id='word_1_165' title='bbox 191 2666 315 2749; x_wconf 85' lang='grc' dir='ltr'><strong><em>παγίδα</em></strong></span> <span class='ocrx_word' id='word_1_166' title='bbox 329 2660 543 2746; x_wconf 87' lang='grc' dir='ltr'><strong><em>στονόεσσαν,</em></strong></span> <span class='ocrx_word' id='word_1_167' title='bbox 563 2659 649 2730; x_wconf 83' lang='grc' dir='ltr'><strong><em>ὅπου</em></strong></span> <span class='ocrx_word' id='word_1_168' title='bbox 665 2661 791 2740; x_wconf 93' lang='grc' dir='ltr'><strong><em>δολόεις</em></strong></span> <span class='ocrx_word' id='word_1_169' title='bbox 805 2664 884 2731; x_wconf 90' lang='grc' dir='ltr'><strong><em>πέλε</em></strong></span> <span class='ocrx_word' id='word_1_170' title='bbox 898 2659 1035 2750; x_wconf 92' lang='grc' dir='ltr'><strong><em>πότμος·</em></strong></span> <span class='ocrx_word' id='word_1_171' title='bbox 1094 2679 1130 2730; x_wconf 82' lang='lat'><strong><em>50</em></strong></span> 
     </span>
    </p>

    <p class='ocr_par' dir='ltr' id='par_1_20' title="bbox 105 2760 923 2850">
     <span class='ocr_line' id='line_1_26' title="bbox 105 2760 923 2850; baseline 0.001 -21"><span class='ocrx_word' id='word_1_172' title='bbox 105 2793 110 2806; x_wconf 93' lang='grc'>·</span> <span class='ocrx_word' id='word_1_173' title='bbox 122 2771 278 2831; x_wconf 85' lang='grc' dir='ltr'><strong><em>πλεῖστον</em></strong></span> <span class='ocrx_word' id='word_1_174' title='bbox 293 2760 333 2850; x_wconf 87' lang='grc' dir='ltr'><strong><em>δή</em></strong></span> <span class='ocrx_word' id='word_1_175' title='bbox 346 2764 470 2849; x_wconf 86' lang='grc' dir='ltr'><strong><em>γαλέην</em></strong></span> <span class='ocrx_word' id='word_1_176' title='bbox 484 2768 688 2850; x_wconf 89' lang='grc' dir='ltr'><strong><em>περιδείδια,</em></strong></span> <span class='ocrx_word' id='word_1_177' title='bbox 711 2761 781 2850; x_wconf 86' lang='grc' dir='ltr'><strong><em>ήτις</em></strong></span> <span class='ocrx_word' id='word_1_178' title='bbox 796 2760 923 2849; x_wconf 81' lang='grc' dir='ltr'><strong><em>ἀρίστη,</em></strong></span> 
     </span>
    </p>

    <p class='ocr_par' dir='ltr' id='par_1_21' title="bbox 122 2860 913 2951">
     <span class='ocr_line' id='line_1_27' title="bbox 122 2860 913 2951; baseline -0.003 -19"><span class='ocrx_word' id='word_1_179' title='bbox 122 2860 142 2950; x_wconf 88' lang='grc' dir='ltr'><strong><em>ή</em></strong></span> <span class='ocrx_word' id='word_1_180' title='bbox 157 2866 212 2932; x_wconf 80' lang='grc' dir='ltr'><strong><em>καὶ</em></strong></span> <span class='ocrx_word' id='word_1_181' title='bbox 225 2864 479 2951; x_wconf 89' lang='grc' dir='ltr'><strong><em>τρωγλοδύοντα</em></strong></span> <span class='ocrx_word' id='word_1_182' title='bbox 491 2865 574 2933; x_wconf 79' lang='grc' dir='ltr'><strong><em>κατὰ</em></strong></span> <span class='ocrx_word' id='word_1_183' title='bbox 587 2864 739 2951; x_wconf 83' lang='grc' dir='ltr'><strong><em>τρύγλην</em></strong></span> <span class='ocrx_word' id='word_1_184' title='bbox 753 2867 913 2951; x_wconf 81' lang='grc' dir='ltr'><strong><em>ἐρεείνει]</em></strong></span> 
     </span>
    </p>

    <p class='ocr_par' dir='ltr' id='par_1_22' title="bbox 122 2963 1005 3054">
     <span class='ocr_line' id='line_1_28' title="bbox 122 2963 1005 3054; baseline -0.001 -22"><span class='ocrx_word' id='word_1_185' title='bbox 122 2963 163 3033; x_wconf 89' lang='grc' dir='ltr'><strong><em>ού</em></strong></span> <span class='ocrx_word' id='word_1_186' title='bbox 176 2965 291 3054; x_wconf 81' lang='grc' dir='ltr'><strong><em>τρύγα</em></strong></span> <span class='ocrx_word' id='word_1_187' title='bbox 306 2965 475 3054; x_wconf 82' lang='grc' dir='ltr'><strong><em>ῥαφάνας,</em></strong></span> <span class='ocrx_word' id='word_1_188' title='bbox 496 2963 537 3034; x_wconf 89' lang='grc' dir='ltr'><strong><em>ού</em></strong></span> <span class='ocrx_word' id='word_1_189' title='bbox 551 2965 716 3054; x_wconf 90' lang='grc' dir='ltr'><strong><em>κράμβας,</em></strong></span> <span class='ocrx_word' id='word_1_190' title='bbox 737 2963 777 3033; x_wconf 90' lang='grc' dir='ltr'><strong><em>ού</em></strong></span> <span class='ocrx_word' id='word_1_191' title='bbox 793 2963 1005 3050; x_wconf 90' lang='grc' dir='ltr'><strong><em>κολοκύντας,</em></strong></span> 
     </span>
    </p>

    <p class='ocr_par' dir='ltr' id='par_1_23' title="bbox 122 3064 1003 3156">
     <span class='ocr_line' id='line_1_29' title="bbox 122 3064 1003 3156; baseline 0 -22"><span class='ocrx_word' id='word_1_192' title='bbox 122 3065 162 3134; x_wconf 93' lang='grc' dir='ltr'><strong><em>ού</em></strong></span> <span class='ocrx_word' id='word_1_193' title='bbox 176 3067 334 3154; x_wconf 87' lang='grc' dir='ltr'><strong><em>πράσσοις</em></strong></span> <span class='ocrx_word' id='word_1_194' title='bbox 347 3076 485 3156; x_wconf 86' lang='grc' dir='ltr'><strong><em>χλωροῖς</em></strong></span> <span class='ocrx_word' id='word_1_195' title='bbox 499 3065 728 3155; x_wconf 86' lang='grc' dir='ltr'><strong><em>έπιβόσκυμαι,</em></strong></span> <span class='ocrx_word' id='word_1_196' title='bbox 751 3064 831 3135; x_wconf 70' lang='grc' dir='ltr'><strong><em>υύδὲ</em></strong></span> <span class='ocrx_word' id='word_1_197' title='bbox 845 3072 1003 3144; x_wconf 89' lang='grc' dir='ltr'><strong><em>σελίνοις·</em></strong></span> 
     </span>
    </p>

    <p class='ocr_par' dir='ltr' id='par_1_24' title="bbox 122 3164 1129 3358">
     <span class='ocr_line' id='line_1_30' title="bbox 122 3164 1129 3257; baseline 0.004 -22"><span class='ocrx_word' id='word_1_198' title='bbox 122 3174 225 3237; x_wconf 79' lang='grc' dir='ltr'><strong><em>ταῦτα</em></strong></span> <span class='ocrx_word' id='word_1_199' title='bbox 238 3168 301 3256; x_wconf 91' lang='grc' dir='ltr'><strong><em>γόιρ</em></strong></span> <span class='ocrx_word' id='word_1_200' title='bbox 315 3165 449 3257; x_wconf 82' lang='grc' dir='ltr'><strong><em>ὑμέτερ’</em></strong></span> <span class='ocrx_word' id='word_1_201' title='bbox 463 3170 553 3238; x_wconf 78' lang='grc' dir='ltr'><strong><em>ἐστὶν</em></strong></span> <span class='ocrx_word' id='word_1_202' title='bbox 566 3167 727 3256; x_wconf 86' lang='grc' dir='ltr'><strong><em>έδέσμοιτα</em></strong></span> <span class='ocrx_word' id='word_1_203' title='bbox 740 3173 807 3236; x_wconf 77' lang='grc' dir='ltr'><strong><em>τοῖν</em></strong></span> <span class='ocrx_word' id='word_1_204' title='bbox 821 3164 904 3237; x_wconf 85' lang='grc' dir='ltr'><strong><em>κατὰ</em></strong></span> <span class='ocrx_word' id='word_1_205' title='bbox 918 3175 1050 3254; x_wconf 87' lang='grc' dir='ltr'><strong><em>λίμνην.</em></strong></span> <span class='ocrx_word' id='word_1_206' title='bbox 1094 3186 1129 3239; x_wconf 79' lang='grc'><strong><em>55</em></strong></span> 
     </span>
     <span class='ocr_line' id='line_1_31' title="bbox 198 3265 1049 3358; baseline 0 -19"><span class='ocrx_word' id='word_1_207' title='bbox 198 3267 290 3358; x_wconf 87' lang='grc' dir='ltr'><strong><em>Πρός</em></strong></span> <span class='ocrx_word' id='word_1_208' title='bbox 302 3270 381 3340; x_wconf 92' lang='grc' dir='ltr'><strong><em>τάδε</em></strong></span> <span class='ocrx_word' id='word_1_209' title='bbox 398 3269 570 3358; x_wconf 86' lang='grc' dir='ltr'><strong><em>μειδιάσας</em></strong></span> <span class='ocrx_word' id='word_1_210' title='bbox 584 3277 799 3356; x_wconf 88' lang='grc' dir='ltr'><strong><em>Φνσίγναθυς</em></strong></span> <span class='ocrx_word' id='word_1_211' title='bbox 813 3265 929 3337; x_wconf 84' lang='grc' dir='ltr'><strong><em>άντίυν</em></strong></span> <span class='ocrx_word' id='word_1_212' title='bbox 944 3266 1049 3355; x_wconf 79' lang='grc' dir='ltr'><strong><em>ηὔδα·</em></strong></span> 
     </span>
    </p>

    <p class='ocr_par' dir='ltr' id='par_1_25' title="bbox 120 3367 939 3460">
     <span class='ocr_line' id='line_1_32' title="bbox 120 3367 939 3460; baseline -0.002 -19"><span class='ocrx_word' id='word_1_213' title='bbox 120 3376 233 3458; x_wconf 75' lang='grc' dir='ltr'><strong><em>Ξεῖνε,</em></strong></span> <span class='ocrx_word' id='word_1_214' title='bbox 257 3380 332 3460; x_wconf 90' lang='grc' dir='ltr'><strong><em>λίην</em></strong></span> <span class='ocrx_word' id='word_1_215' title='bbox 346 3368 459 3459; x_wconf 86' lang='grc' dir='ltr'><strong><em>αύχεῖς</em></strong></span> <span class='ocrx_word' id='word_1_216' title='bbox 473 3375 526 3440; x_wconf 77' lang='grc' dir='ltr'><strong><em>έπδ</em></strong></span> <span class='ocrx_word' id='word_1_217' title='bbox 540 3370 688 3460; x_wconf 86' lang='grc' dir='ltr'><strong><em>γαστέρι·</em></strong></span> <span class='ocrx_word' id='word_1_218' title='bbox 708 3378 776 3440; x_wconf 80' lang='grc' dir='ltr'><strong><em>ἔστι</em></strong></span> <span class='ocrx_word' id='word_1_219' title='bbox 790 3372 846 3440; x_wconf 84' lang='grc' dir='ltr'><strong><em>καὶ</em></strong></span> <span class='ocrx_word' id='word_1_220' title='bbox 860 3367 939 3458; x_wconf 86' lang='grc' dir='ltr'><strong><em>ἡμῖν</em></strong></span> 
     </span>
    </p>

    <p class='ocr_par' dir='ltr' id='par_1_26' title="bbox 123 3468 1055 3562">
     <span class='ocr_line' id='line_1_33' title="bbox 123 3468 1055 3562; baseline 0.002 -21"><span class='ocrx_word' id='word_1_221' title='bbox 123 3473 227 3543; x_wconf 80' lang='grc' dir='ltr'><strong><em>πολλὰ</em></strong></span> <span class='ocrx_word' id='word_1_222' title='bbox 240 3471 320 3562; x_wconf 88' lang='grc' dir='ltr'><strong><em>μάλ’</em></strong></span> <span class='ocrx_word' id='word_1_223' title='bbox 335 3478 372 3543; x_wconf 85' lang='grc' dir='ltr'><strong><em>έν</em></strong></span> <span class='ocrx_word' id='word_1_224' title='bbox 382 3481 481 3560; x_wconf 82' lang='grc' dir='ltr'><strong><em>λίμνη</em></strong></span> <span class='ocrx_word' id='word_1_225' title='bbox 495 3476 551 3542; x_wconf 82' lang='grc' dir='ltr'><strong><em>καὶ</em></strong></span> <span class='ocrx_word' id='word_1_226' title='bbox 565 3476 619 3544; x_wconf 81' lang='grc' dir='ltr'><strong><em>έπὶ</em></strong></span> <span class='ocrx_word' id='word_1_227' title='bbox 632 3474 733 3561; x_wconf 79' lang='grc' dir='ltr'><strong><em>χθονὶ</em></strong></span> <span class='ocrx_word' id='word_1_228' title='bbox 746 3468 895 3559; x_wconf 86' lang='grc' dir='ltr'><strong><em>θαύματ’</em></strong></span> <span class='ocrx_word' id='word_1_229' title='bbox 910 3468 1055 3543; x_wconf 83' lang='grc' dir='ltr'><strong><em>ἰδέσθαι.</em></strong></span> 
     </span>
    </p>
   </div>
   <div class='ocr_carea' id='block_1_5' title="bbox 0 0 1192 3900">
    <p class='ocr_par' dir='ltr' id='par_1_27' title="bbox 0 0 1192 3900">
     <span class='ocr_line' id='line_1_34' title="bbox 0 0 1192 3900; baseline 0 1"><span class='ocrx_word' id='word_1_230' title='bbox 0 0 1192 3900; x_wconf 95' lang='lat' dir='ltr'><strong><em> </em></strong></span> 
     </span>
    </p>
   </div>
  </div>
 </body>
</html>
