<?xml version="1.0" encoding="UTF-8"?>
<!DOCTYPE html PUBLIC "-//W3C//DTD XHTML 1.0 Transitional//EN"
    "http://www.w3.org/TR/xhtml1/DTD/xhtml1-transitional.dtd">
<html xmlns="http://www.w3.org/1999/xhtml" xml:lang="en" lang="en">
 <head>
  <title>
</title>
<meta http-equiv="Content-Type" content="text/html;charset=utf-8" />
  <meta name='ocr-system' content='tesseract 3.04.00' />
  <meta name='ocr-capabilities' content='ocr_page ocr_carea ocr_par ocr_line ocrx_word'/>
</head>
<body>
  <div class='ocr_page' id='page_1' title='image "./hymnihomericiac00baumgoog_0059.png"; bbox 0 0 2376 3900; ppageno 0'>
   <div class='ocr_carea' id='block_1_1' title="bbox 90 210 728 275">
    <p class='ocr_par' dir='ltr' id='par_1_1' title="bbox 90 210 728 275">
     <span class='ocr_line' id='line_1_1' title="bbox 90 210 728 275; baseline 0.003 -2"><span class='ocrx_word' id='word_1_1' title='bbox 90 210 131 273; x_wconf 84' lang='grc'><strong><em>36</em></strong></span> <span class='ocrx_word' id='word_1_2' title='bbox 442 223 493 272; x_wconf 88' lang='lat'>111.</span> <span class='ocrx_word' id='word_1_3' title='bbox 511 223 572 273; x_wconf 72' lang='lat' dir='ltr'><strong><em>Em</em></strong></span> <span class='ocrx_word' id='word_1_4' title='bbox 592 223 728 275; x_wconf 74' lang='lat' dir='ltr'><strong>EPMHN.</strong></span> 
     </span>
    </p>
   </div>
   <div class='ocr_carea' id='block_1_2' title="bbox 16 375 1098 3618">
    <p class='ocr_par' dir='ltr' id='par_1_2' title="bbox 16 375 1098 2704">
     <span class='ocr_line' id='line_1_2' title="bbox 92 375 862 467; baseline -0.001 -19"><span class='ocrx_word' id='word_1_5' title='bbox 92 380 148 448; x_wconf 80' lang='grc' dir='ltr'><strong><em>καί</em></strong></span> <span class='ocrx_word' id='word_1_6' title='bbox 161 382 225 446; x_wconf 83' lang='grc' dir='ltr'><strong><em>νύν</em></strong></span> <span class='ocrx_word' id='word_1_7' title='bbox 239 375 337 456; x_wconf 84' lang='grc' dir='ltr'><strong><em>αὐτὸς</em></strong></span> <span class='ocrx_word' id='word_1_8' title='bbox 351 376 415 463; x_wconf 78' lang='grc' dir='ltr'><strong><em>ἐγώ</em></strong></span> <span class='ocrx_word' id='word_1_9' title='bbox 430 395 466 447; x_wconf 93' lang='grc' dir='ltr'><strong><em>σε</em></strong></span> <span class='ocrx_word' id='word_1_10' title='bbox 481 393 693 467; x_wconf 84' lang='grc' dir='ltr'><strong><em>πανομφαῑον</em></strong></span> <span class='ocrx_word' id='word_1_11' title='bbox 707 377 862 467; x_wconf 90' lang='grc' dir='ltr'><strong><em>δεδάηκα.</em></strong></span> 
     </span>
     <span class='ocr_line' id='line_1_3' title="bbox 94 475 958 574; baseline 0.008 -28"><span class='ocrx_word' id='word_1_12' title='bbox 94 483 145 548; x_wconf 82' lang='grc' dir='ltr'><strong><em>σοὶ</em></strong></span> <span class='ocrx_word' id='word_1_13' title='bbox 161 476 192 547; x_wconf 87' lang='grc' dir='ltr'><strong><em>δ’</em></strong></span> <span class='ocrx_word' id='word_1_14' title='bbox 212 475 415 567; x_wconf 88' lang='grc' dir='ltr'><strong><em>αύτάγρετόν</em></strong></span> <span class='ocrx_word' id='word_1_15' title='bbox 429 482 497 548; x_wconf 86' lang='grc' dir='ltr'><strong><em>ἐστι</em></strong></span> <span class='ocrx_word' id='word_1_16' title='bbox 513 480 690 569; x_wconf 90' lang='grc' dir='ltr'><strong><em>δαήμεναι,</em></strong></span> <span class='ocrx_word' id='word_1_17' title='bbox 710 477 779 548; x_wconf 83' lang='grc' dir='ltr'><strong><em>ὅττι</em></strong></span> <span class='ocrx_word' id='word_1_18' title='bbox 792 487 958 574; x_wconf 76' lang='grc' dir='ltr'><strong><em>μενοινᾷς.</em></strong></span> 
     </span>
     <span class='ocr_line' id='line_1_4' title="bbox 93 571 1098 670; baseline 0.005 -19"><span class='ocrx_word' id='word_1_19' title='bbox 93 579 167 651; x_wconf 88' lang='grc' dir='ltr'><strong><em>ἀλλ’</em></strong></span> <span class='ocrx_word' id='word_1_20' title='bbox 183 583 254 649; x_wconf 81' lang='grc' dir='ltr'><strong><em>ἐπεὶ</em></strong></span> <span class='ocrx_word' id='word_1_21' title='bbox 267 571 329 649; x_wconf 78' lang='grc' dir='ltr'><strong><em>οὖν</em></strong></span> <span class='ocrx_word' id='word_1_22' title='bbox 342 606 393 649; x_wconf 88' lang='grc' dir='ltr'><strong><em>τοι</em></strong></span> <span class='ocrx_word' id='word_1_23' title='bbox 409 579 518 669; x_wconf 86' lang='grc' dir='ltr'><strong><em>θυμὸς</em></strong></span> <span class='ocrx_word' id='word_1_24' title='bbox 531 581 665 651; x_wconf 88' lang='grc' dir='ltr'><strong><em>ἐπιθύει</em></strong></span> <span class='ocrx_word' id='word_1_25' title='bbox 678 589 873 670; x_wconf 73' lang='grc' dir='ltr'><strong><em>κιθαρίζειν,</em></strong></span> <span class='ocrx_word' id='word_1_26' title='bbox 1043 600 1098 657; x_wconf 72' lang='grc'><strong><em>476</em></strong></span> 
     </span>
     <span class='ocr_line' id='line_1_5' title="bbox 92 680 817 771; baseline -0.001 -18"><span class='ocrx_word' id='word_1_27' title='bbox 92 686 213 771; x_wconf 80' lang='grc' dir='ltr'><strong><em>μέλπεο</em></strong></span> <span class='ocrx_word' id='word_1_28' title='bbox 227 686 282 752; x_wconf 76' lang='grc' dir='ltr'><strong><em>καὶ</em></strong></span> <span class='ocrx_word' id='word_1_29' title='bbox 296 682 444 769; x_wconf 78' lang='grc' dir='ltr'><strong><em>κιθάριζε</em></strong></span> <span class='ocrx_word' id='word_1_30' title='bbox 458 686 513 752; x_wconf 76' lang='grc' dir='ltr'><strong><em>καὶ</em></strong></span> <span class='ocrx_word' id='word_1_31' title='bbox 526 680 663 771; x_wconf 81' lang='grc' dir='ltr'><strong><em>ἀγλαίας</em></strong></span> <span class='ocrx_word' id='word_1_32' title='bbox 677 681 817 770; x_wconf 88' lang='grc' dir='ltr'><strong><em>ἀλέγυνε</em></strong></span> 
     </span>
     <span class='ocr_line' id='line_1_6' title="bbox 94 782 1075 874; baseline 0.003 -20"><span class='ocrx_word' id='word_1_33' title='bbox 94 788 250 874; x_wconf 78' lang='grc' dir='ltr'><strong><em>δέγμενος</em></strong></span> <span class='ocrx_word' id='word_1_34' title='bbox 264 790 296 870; x_wconf 92' lang='grc' dir='ltr'><strong><em>ἐξ</em></strong></span> <span class='ocrx_word' id='word_1_35' title='bbox 312 787 434 873; x_wconf 79' lang='grc' dir='ltr'><strong><em>ἐμέθεν</em></strong></span> <span class='ocrx_word' id='word_1_36' title='bbox 450 825 495 835; x_wconf 90' lang='lat'><em>-</em></span> <span class='ocrx_word' id='word_1_37' title='bbox 508 784 550 853; x_wconf 86' lang='grc' dir='ltr'><strong><em>σύ</em></strong></span> <span class='ocrx_word' id='word_1_38' title='bbox 565 789 605 855; x_wconf 94' lang='grc' dir='ltr'><strong><em>δέ</em></strong></span> <span class='ocrx_word' id='word_1_39' title='bbox 615 810 681 873; x_wconf 91' lang='grc' dir='ltr'><strong><em>μοι,</em></strong></span> <span class='ocrx_word' id='word_1_40' title='bbox 696 792 783 872; x_wconf 88' lang='grc' dir='ltr'><strong><em>φίλε,</em></strong></span> <span class='ocrx_word' id='word_1_41' title='bbox 797 790 899 866; x_wconf 86' lang='grc' dir='ltr'><strong><em>κύδος</em></strong></span> <span class='ocrx_word' id='word_1_42' title='bbox 913 782 1013 870; x_wconf 86' lang='grc' dir='ltr'><strong><em>όπαζε</em></strong></span> <span class='ocrx_word' id='word_1_43' title='bbox 1029 828 1075 841; x_wconf 92' lang='lat'><em>-</em></span> 
     </span>
     <span class='ocr_line' id='line_1_7' title="bbox 94 884 944 977; baseline 0.002 -21"><span class='ocrx_word' id='word_1_44' title='bbox 94 885 260 976; x_wconf 83' lang='grc' dir='ltr'><strong><em>εύμολπον</em></strong></span> <span class='ocrx_word' id='word_1_45' title='bbox 275 884 355 976; x_wconf 85' lang='grc' dir='ltr'><strong><em>μετά</em></strong></span> <span class='ocrx_word' id='word_1_46' title='bbox 369 888 483 973; x_wconf 84' lang='grc' dir='ltr'><strong><em>χερσὶν</em></strong></span> <span class='ocrx_word' id='word_1_47' title='bbox 496 894 581 973; x_wconf 81' lang='grc' dir='ltr'><strong><em>ἔχων</em></strong></span> <span class='ocrx_word' id='word_1_48' title='bbox 593 886 786 973; x_wconf 80' lang='grc' dir='ltr'><strong><em>λιγύφωνον</em></strong></span> <span class='ocrx_word' id='word_1_49' title='bbox 801 890 944 977; x_wconf 83' lang='grc' dir='ltr'><strong><em>ἑταίρην,</em></strong></span> 
     </span>
     <span class='ocr_line' id='line_1_8' title="bbox 93 981 966 1077; baseline 0 -18"><span class='ocrx_word' id='word_1_50' title='bbox 93 988 177 1059; x_wconf 84' lang='grc' dir='ltr'><strong><em>καλά</em></strong></span> <span class='ocrx_word' id='word_1_51' title='bbox 192 991 247 1057; x_wconf 82' lang='grc' dir='ltr'><strong><em>καὶ</em></strong></span> <span class='ocrx_word' id='word_1_52' title='bbox 261 981 300 1057; x_wconf 90' lang='grc' dir='ltr'><strong><em>εύ</em></strong></span> <span class='ocrx_word' id='word_1_53' title='bbox 313 985 396 1055; x_wconf 86' lang='grc' dir='ltr'><strong><em>κατά</em></strong></span> <span class='ocrx_word' id='word_1_54' title='bbox 409 987 531 1076; x_wconf 85' lang='grc' dir='ltr'><strong><em>κόσμον</em></strong></span> <span class='ocrx_word' id='word_1_55' title='bbox 547 990 767 1076; x_wconf 80' lang='grc' dir='ltr'><strong><em>ἐπισταμένην</em></strong></span> <span class='ocrx_word' id='word_1_56' title='bbox 784 987 966 1077; x_wconf 89' lang='grc' dir='ltr'><strong><em>ἀγορεύειν.</em></strong></span> 
     </span>
     <span class='ocr_line' id='line_1_9' title="bbox 95 1089 1098 1177; baseline 0.005 -17"><span class='ocrx_word' id='word_1_57' title='bbox 95 1089 231 1177; x_wconf 79' lang='grc' dir='ltr'><strong><em>εὔκηλος</em></strong></span> <span class='ocrx_word' id='word_1_58' title='bbox 245 1090 305 1176; x_wconf 77' lang='grc' dir='ltr'><strong><em>μέν</em></strong></span> <span class='ocrx_word' id='word_1_59' title='bbox 323 1095 435 1157; x_wconf 83' lang='grc' dir='ltr'><strong><em>ἔπειτα</em></strong></span> <span class='ocrx_word' id='word_1_60' title='bbox 449 1092 564 1177; x_wconf 89' lang='grc' dir='ltr'><strong><em>φέρειν</em></strong></span> <span class='ocrx_word' id='word_1_61' title='bbox 578 1096 625 1169; x_wconf 84' lang='grc' dir='ltr'><strong><em>είς</em></strong></span> <span class='ocrx_word' id='word_1_62' title='bbox 640 1095 736 1158; x_wconf 83' lang='grc' dir='ltr'><strong><em>δαῖτα</em></strong></span> <span class='ocrx_word' id='word_1_63' title='bbox 749 1089 891 1159; x_wconf 82' lang='grc' dir='ltr'><strong><em>θάλειαν</em></strong></span> <span class='ocrx_word' id='word_1_64' title='bbox 1044 1109 1098 1165; x_wconf 74' lang='lat'><strong><em>480</em></strong></span> 
     </span>
     <span class='ocr_line' id='line_1_10' title="bbox 93 1188 892 1280; baseline 0.001 -20"><span class='ocrx_word' id='word_1_65' title='bbox 93 1195 149 1261; x_wconf 76' lang='grc' dir='ltr'><strong><em>καὶ</em></strong></span> <span class='ocrx_word' id='word_1_66' title='bbox 161 1189 261 1279; x_wconf 81' lang='grc' dir='ltr'><strong><em>χορόν</em></strong></span> <span class='ocrx_word' id='word_1_67' title='bbox 274 1188 444 1279; x_wconf 75' lang='grc' dir='ltr'><strong><em>ἱμερόεντα</em></strong></span> <span class='ocrx_word' id='word_1_68' title='bbox 458 1193 513 1260; x_wconf 84' lang='grc' dir='ltr'><strong><em>καὶ</em></strong></span> <span class='ocrx_word' id='word_1_69' title='bbox 527 1195 560 1270; x_wconf 91' lang='grc' dir='ltr'><strong><em>ἐς</em></strong></span> <span class='ocrx_word' id='word_1_70' title='bbox 573 1195 757 1277; x_wconf 80' lang='grc' dir='ltr'><strong><em>φιλοκυδέα</em></strong></span> <span class='ocrx_word' id='word_1_71' title='bbox 770 1197 892 1280; x_wconf 74' lang='grc' dir='ltr'><strong><em>κῶμον,</em></strong></span> 
     </span>
     <span class='ocr_line' id='line_1_11' title="bbox 95 1289 1015 1382; baseline 0.002 -21"><span class='ocrx_word' id='word_1_72' title='bbox 95 1291 306 1380; x_wconf 79' lang='grc' dir='ltr'><strong><em>εὐφροσύνην</em></strong></span> <span class='ocrx_word' id='word_1_73' title='bbox 320 1290 438 1370; x_wconf 86' lang='grc' dir='ltr'><strong><em>νυκτός</em></strong></span> <span class='ocrx_word' id='word_1_74' title='bbox 452 1320 487 1360; x_wconf 93' lang='grc' dir='ltr'><strong><em>τε</em></strong></span> <span class='ocrx_word' id='word_1_75' title='bbox 501 1295 557 1361; x_wconf 76' lang='grc' dir='ltr'><strong><em>καὶ</em></strong></span> <span class='ocrx_word' id='word_1_76' title='bbox 571 1289 699 1379; x_wconf 83' lang='grc' dir='ltr'><strong><em>ήματος.</em></strong></span> <span class='ocrx_word' id='word_1_77' title='bbox 728 1290 764 1373; x_wconf 84' lang='grc' dir='ltr'><strong><em>δς</em></strong></span> <span class='ocrx_word' id='word_1_78' title='bbox 776 1292 839 1382; x_wconf 89' lang='grc' dir='ltr'><strong><em>γάρ</em></strong></span> <span class='ocrx_word' id='word_1_79' title='bbox 854 1291 896 1362; x_wconf 86' lang='grc' dir='ltr'><strong><em>ἀν</em></strong></span> <span class='ocrx_word' id='word_1_80' title='bbox 909 1290 1015 1382; x_wconf 77' lang='grc' dir='ltr'><strong><em>αὐτὴν</em></strong></span> 
     </span>
     <span class='ocr_line' id='line_1_12' title="bbox 95 1397 830 1484; baseline 0.003 -22"><span class='ocrx_word' id='word_1_81' title='bbox 95 1397 192 1483; x_wconf 86' lang='grc' dir='ltr'><strong><em>τέχνη</em></strong></span> <span class='ocrx_word' id='word_1_82' title='bbox 207 1397 262 1462; x_wconf 82' lang='grc' dir='ltr'><strong><em>καὶ</em></strong></span> <span class='ocrx_word' id='word_1_83' title='bbox 276 1399 395 1480; x_wconf 84' lang='grc' dir='ltr'><strong><em>σοφίη,</em></strong></span> <span class='ocrx_word' id='word_1_84' title='bbox 419 1397 635 1482; x_wconf 79' lang='grc' dir='ltr'><strong><em>δεδαημένος,</em></strong></span> <span class='ocrx_word' id='word_1_85' title='bbox 656 1398 830 1484; x_wconf 80' lang='grc' dir='ltr'><strong><em>ἐξερεείνῃ,</em></strong></span> 
     </span>
     <span class='ocr_line' id='line_1_13' title="bbox 95 1494 891 1585; baseline 0.001 -22"><span class='ocrx_word' id='word_1_86' title='bbox 95 1499 308 1583; x_wconf 83' lang='grc' dir='ltr'><strong><em>φθεγγομένη</em></strong></span> <span class='ocrx_word' id='word_1_87' title='bbox 321 1511 462 1564; x_wconf 80' lang='grc' dir='ltr'><strong><em>παντοία</em></strong></span> <span class='ocrx_word' id='word_1_88' title='bbox 475 1494 542 1583; x_wconf 86' lang='grc' dir='ltr'><strong><em>νόφ</em></strong></span> <span class='ocrx_word' id='word_1_89' title='bbox 556 1503 711 1585; x_wconf 84' lang='grc' dir='ltr'><strong><em>χαρίεντα</em></strong></span> <span class='ocrx_word' id='word_1_90' title='bbox 730 1496 891 1582; x_wconf 82' lang='grc' dir='ltr'><strong><em>διδάσκει,</em></strong></span> 
     </span>
     <span class='ocr_line' id='line_1_14' title="bbox 96 1594 1098 1686; baseline 0.004 -20"><span class='ocrx_word' id='word_1_91' title='bbox 96 1601 169 1685; x_wconf 83' lang='grc' dir='ltr'><strong><em>ῥεῖα</em></strong></span> <span class='ocrx_word' id='word_1_92' title='bbox 183 1605 403 1686; x_wconf 90' lang='grc' dir='ltr'><strong><em>συνηθείησιν</em></strong></span> <span class='ocrx_word' id='word_1_93' title='bbox 416 1594 608 1685; x_wconf 89' lang='grc' dir='ltr'><strong><em>ἀθυρομένη</em></strong></span> <span class='ocrx_word' id='word_1_94' title='bbox 621 1603 818 1686; x_wconf 80' lang='grc' dir='ltr'><strong><em>μαλακῇσιν,</em></strong></span> <span class='ocrx_word' id='word_1_95' title='bbox 968 1602 971 1607; x_wconf 66' lang='grc'><strong>’</strong></span> <span class='ocrx_word' id='word_1_96' title='bbox 1045 1614 1098 1670; x_wconf 76' lang='lat'><strong><em>485</em></strong></span> 
     </span>
     <span class='ocr_line' id='line_1_15' title="bbox 95 1695 936 1789; baseline -0.001 -22"><span class='ocrx_word' id='word_1_97' title='bbox 95 1703 252 1789; x_wconf 88' lang='grc' dir='ltr'><strong><em>ἐργασίην</em></strong></span> <span class='ocrx_word' id='word_1_98' title='bbox 264 1702 432 1786; x_wconf 86' lang='grc' dir='ltr'><strong><em>θέλγουσα</em></strong></span> <span class='ocrx_word' id='word_1_99' title='bbox 447 1700 637 1788; x_wconf 80' lang='grc' dir='ltr'><strong><em>δυήπαθον·</em></strong></span> <span class='ocrx_word' id='word_1_100' title='bbox 658 1697 693 1779; x_wconf 83' lang='grc' dir='ltr'><strong><em>ὃς</em></strong></span> <span class='ocrx_word' id='word_1_101' title='bbox 708 1704 748 1768; x_wconf 90' lang='grc' dir='ltr'><strong><em>δέ</em></strong></span> <span class='ocrx_word' id='word_1_102' title='bbox 759 1729 818 1769; x_wconf 88' lang='grc' dir='ltr'><strong><em>κεν</em></strong></span> <span class='ocrx_word' id='word_1_103' title='bbox 832 1695 936 1785; x_wconf 85' lang='grc' dir='ltr'><strong><em>αύτήν</em></strong></span> 
     </span>
     <span class='ocr_line' id='line_1_16' title="bbox 94 1799 807 1891; baseline -0.004 -20"><span class='ocrx_word' id='word_1_104' title='bbox 94 1807 167 1890; x_wconf 87' lang='grc' dir='ltr'><strong><em>νήις</em></strong></span> <span class='ocrx_word' id='word_1_105' title='bbox 182 1799 246 1871; x_wconf 84' lang='grc' dir='ltr'><strong><em>έύν</em></strong></span> <span class='ocrx_word' id='word_1_106' title='bbox 259 1800 295 1870; x_wconf 86' lang='grc' dir='ltr'><strong><em>τό</em></strong></span> <span class='ocrx_word' id='word_1_107' title='bbox 310 1806 441 1889; x_wconf 75' lang='grc' dir='ltr'><strong><em>πρῶτον</em></strong></span> <span class='ocrx_word' id='word_1_108' title='bbox 455 1804 655 1887; x_wconf 71' lang='grc' dir='ltr'><strong><em>ἐπιζαφελῶς</em></strong></span> <span class='ocrx_word' id='word_1_109' title='bbox 669 1806 807 1891; x_wconf 86' lang='grc' dir='ltr'><strong><em>έρεείυη,</em></strong></span> 
     </span>
     <span class='ocr_line' id='line_1_17' title="bbox 16 1899 879 1992; baseline -0.001 -23"><span class='ocrx_word' id='word_1_110' title='bbox 16 1983 17 1986; x_wconf 9' lang='lat'>¹</span> <span class='ocrx_word' id='word_1_111' title='bbox 95 1901 166 1990; x_wconf 79' lang='grc' dir='ltr'><strong><em>μάψ</em></strong></span> <span class='ocrx_word' id='word_1_112' title='bbox 180 1899 287 1981; x_wconf 83' lang='grc' dir='ltr'><strong><em>αύτως</em></strong></span> <span class='ocrx_word' id='word_1_113' title='bbox 300 1929 359 1970; x_wconf 91' lang='grc' dir='ltr'><strong><em>κεν</em></strong></span> <span class='ocrx_word' id='word_1_114' title='bbox 373 1909 485 1970; x_wconf 90' lang='grc' dir='ltr'><strong><em>έπειτα</em></strong></span> <span class='ocrx_word' id='word_1_115' title='bbox 499 1902 640 1991; x_wconf 89' lang='grc' dir='ltr'><strong><em>μετήορά</em></strong></span> <span class='ocrx_word' id='word_1_116' title='bbox 653 1930 687 1971; x_wconf 89' lang='grc' dir='ltr'><strong><em>τε</em></strong></span> <span class='ocrx_word' id='word_1_117' title='bbox 700 1909 879 1992; x_wconf 92' lang='grc' dir='ltr'><strong><em>θρυλλίζοι.</em></strong></span> 
     </span>
     <span class='ocr_line' id='line_1_18' title="bbox 95 2000 952 2093; baseline -0.004 -21"><span class='ocrx_word' id='word_1_118' title='bbox 95 2006 148 2072; x_wconf 86' lang='grc' dir='ltr'><strong><em>σοὶ</em></strong></span> <span class='ocrx_word' id='word_1_119' title='bbox 162 2000 195 2072; x_wconf 91' lang='grc' dir='ltr'><strong><em>δ’</em></strong></span> <span class='ocrx_word' id='word_1_120' title='bbox 210 2001 412 2090; x_wconf 81' lang='grc' dir='ltr'><strong><em>αὐτάγρετόν</em></strong></span> <span class='ocrx_word' id='word_1_121' title='bbox 426 2006 494 2071; x_wconf 82' lang='grc' dir='ltr'><strong><em>ἐστι</em></strong></span> <span class='ocrx_word' id='word_1_122' title='bbox 508 2003 685 2092; x_wconf 89' lang='grc' dir='ltr'><strong><em>δαήμεναι,</em></strong></span> <span class='ocrx_word' id='word_1_123' title='bbox 705 2003 774 2073; x_wconf 84' lang='grc' dir='ltr'><strong><em>ὅττι</em></strong></span> <span class='ocrx_word' id='word_1_124' title='bbox 787 2006 952 2093; x_wconf 78' lang='grc' dir='ltr'><strong><em>μενοινᾷς.</em></strong></span> 
     </span>
     <span class='ocr_line' id='line_1_19' title="bbox 95 2103 1097 2194; baseline 0.002 -20"><span class='ocrx_word' id='word_1_125' title='bbox 95 2107 151 2174; x_wconf 83' lang='grc' dir='ltr'><strong><em>καὶ</em></strong></span> <span class='ocrx_word' id='word_1_126' title='bbox 164 2106 214 2173; x_wconf 82' lang='grc' dir='ltr'><strong><em>τοὶ</em></strong></span> <span class='ocrx_word' id='word_1_127' title='bbox 228 2103 291 2192; x_wconf 81' lang='grc' dir='ltr'><strong><em>έγύ</em></strong></span> <span class='ocrx_word' id='word_1_128' title='bbox 307 2103 403 2172; x_wconf 82' lang='grc' dir='ltr'><strong><em>δύσω</em></strong></span> <span class='ocrx_word' id='word_1_129' title='bbox 417 2104 556 2193; x_wconf 91' lang='grc' dir='ltr'><strong><em>ταύτην,</em></strong></span> <span class='ocrx_word' id='word_1_130' title='bbox 577 2104 659 2184; x_wconf 87' lang='grc' dir='ltr'><strong><em>Διὸς</em></strong></span> <span class='ocrx_word' id='word_1_131' title='bbox 673 2104 773 2194; x_wconf 70' lang='grc' dir='ltr'><strong><em>ἀγλαὲ</em></strong></span> <span class='ocrx_word' id='word_1_132' title='bbox 786 2109 903 2194; x_wconf 85' lang='grc' dir='ltr'><strong><em>κούρε·</em></strong></span> <span class='ocrx_word' id='word_1_133' title='bbox 1044 2119 1097 2176; x_wconf 79' lang='lat'><strong><em>490</em></strong></span> 
     </span>
     <span class='ocr_line' id='line_1_20' title="bbox 95 2196 892 2294; baseline 0 -19"><span class='ocrx_word' id='word_1_134' title='bbox 95 2203 188 2294; x_wconf 79' lang='grc' dir='ltr'><strong><em>ἡμεῖς</em></strong></span> <span class='ocrx_word' id='word_1_135' title='bbox 203 2204 237 2274; x_wconf 92' lang='grc' dir='ltr'><strong><em>δ’</em></strong></span> <span class='ocrx_word' id='word_1_136' title='bbox 252 2196 329 2276; x_wconf 77' lang='grc' dir='ltr'><strong><em>αὖτ’</em></strong></span> <span class='ocrx_word' id='word_1_137' title='bbox 343 2202 436 2294; x_wconf 85' lang='grc' dir='ltr'><strong><em>όρεός</em></strong></span> <span class='ocrx_word' id='word_1_138' title='bbox 449 2234 484 2275; x_wconf 89' lang='grc' dir='ltr'><strong><em>τε</em></strong></span> <span class='ocrx_word' id='word_1_139' title='bbox 499 2210 554 2276; x_wconf 82' lang='grc' dir='ltr'><strong><em>καὶ</em></strong></span> <span class='ocrx_word' id='word_1_140' title='bbox 568 2207 751 2294; x_wconf 89' lang='grc' dir='ltr'><strong><em>ίπποβότου</em></strong></span> <span class='ocrx_word' id='word_1_141' title='bbox 764 2212 892 2276; x_wconf 90' lang='grc' dir='ltr'><strong><em>πεδίοιο</em></strong></span> 
     </span>
     <span class='ocr_line' id='line_1_21' title="bbox 64 2304 1000 2399; baseline 0.002 -22"><span class='ocrx_word' id='word_1_142' title='bbox 64 2388 67 2393; x_wconf 32' lang='grc'><strong><em>,</em></strong></span> <span class='ocrx_word' id='word_1_143' title='bbox 96 2311 194 2395; x_wconf 83' lang='grc' dir='ltr'><strong><em>βουσὶ</em></strong></span> <span class='ocrx_word' id='word_1_144' title='bbox 207 2306 346 2396; x_wconf 86' lang='grc' dir='ltr'><strong><em>νομούς,</em></strong></span> <span class='ocrx_word' id='word_1_145' title='bbox 362 2304 533 2397; x_wconf 83' lang='grc' dir='ltr'><strong><em>Ἑκάεργε,</em></strong></span> <span class='ocrx_word' id='word_1_146' title='bbox 554 2308 760 2399; x_wconf 80' lang='grc' dir='ltr'><strong><em>νομεύσομεν</em></strong></span> <span class='ocrx_word' id='word_1_147' title='bbox 773 2307 1000 2397; x_wconf 90' lang='grc' dir='ltr'><strong><em>ἀγραύλοισιν.</em></strong></span> 
     </span>
     <span class='ocr_line' id='line_1_22' title="bbox 95 2409 831 2500; baseline 0.001 -21"><span class='ocrx_word' id='word_1_148' title='bbox 95 2417 196 2479; x_wconf 81' lang='grc' dir='ltr'><strong><em>ἐνθεν</em></strong></span> <span class='ocrx_word' id='word_1_149' title='bbox 210 2409 281 2490; x_wconf 84' lang='grc' dir='ltr'><strong><em>ἅλις</em></strong></span> <span class='ocrx_word' id='word_1_150' title='bbox 294 2413 421 2492; x_wconf 82' lang='grc' dir='ltr'><strong><em>τέξουσι</em></strong></span> <span class='ocrx_word' id='word_1_151' title='bbox 434 2410 510 2498; x_wconf 84' lang='grc' dir='ltr'><strong><em>βόες</em></strong></span> <span class='ocrx_word' id='word_1_152' title='bbox 523 2410 672 2498; x_wconf 88' lang='grc' dir='ltr'><strong><em>ταύροισι</em></strong></span> <span class='ocrx_word' id='word_1_153' title='bbox 686 2426 831 2500; x_wconf 81' lang='grc' dir='ltr'><strong><em>μιγεῖσαι</em></strong></span> 
     </span>
     <span class='ocr_line' id='line_1_23' title="bbox 95 2509 922 2602; baseline 0.002 -23"><span class='ocrx_word' id='word_1_154' title='bbox 95 2518 217 2600; x_wconf 85' lang='grc' dir='ltr'><strong><em>μίγδην</em></strong></span> <span class='ocrx_word' id='word_1_155' title='bbox 230 2520 366 2598; x_wconf 88' lang='grc' dir='ltr'><strong><em>θηλείας</em></strong></span> <span class='ocrx_word' id='word_1_156' title='bbox 379 2539 415 2580; x_wconf 91' lang='grc' dir='ltr'><strong><em>τε</em></strong></span> <span class='ocrx_word' id='word_1_157' title='bbox 428 2515 484 2580; x_wconf 81' lang='grc' dir='ltr'><strong><em>καὶ</em></strong></span> <span class='ocrx_word' id='word_1_158' title='bbox 498 2511 653 2602; x_wconf 83' lang='grc' dir='ltr'><strong><em>ἀρσενοις·</em></strong></span> <span class='ocrx_word' id='word_1_159' title='bbox 674 2510 756 2582; x_wconf 89' lang='grc' dir='ltr'><strong><em>ούδέ</em></strong></span> <span class='ocrx_word' id='word_1_160' title='bbox 767 2522 801 2582; x_wconf 91' lang='grc' dir='ltr'><strong><em>τί</em></strong></span> <span class='ocrx_word' id='word_1_161' title='bbox 812 2533 848 2581; x_wconf 90' lang='grc' dir='ltr'><strong><em>σε</em></strong></span> <span class='ocrx_word' id='word_1_162' title='bbox 860 2509 922 2600; x_wconf 80' lang='grc' dir='ltr'><strong><em>χρή</em></strong></span> 
     </span>
     <span class='ocr_line' id='line_1_24' title="bbox 17 2612 1095 2704; baseline 0.002 -23"><span class='ocrx_word' id='word_1_163' title='bbox 17 2666 24 2687; x_wconf 73' lang='grc'><strong><em>.</em></strong></span> <span class='ocrx_word' id='word_1_164' title='bbox 96 2617 274 2698; x_wconf 89' lang='grc' dir='ltr'><strong><em>κερδαλέον</em></strong></span> <span class='ocrx_word' id='word_1_165' title='bbox 288 2639 349 2701; x_wconf 91' lang='grc' dir='ltr'><strong><em>περ</em></strong></span> <span class='ocrx_word' id='word_1_166' title='bbox 363 2612 459 2682; x_wconf 79' lang='grc' dir='ltr'><strong><em>ἐόντα</em></strong></span> <span class='ocrx_word' id='word_1_167' title='bbox 473 2619 695 2704; x_wconf 75' lang='grc' dir='ltr'><strong><em>περιζαμενῶς</em></strong></span> <span class='ocrx_word' id='word_1_168' title='bbox 708 2618 924 2701; x_wconf 74' lang='grc' dir='ltr'><strong><em>κεχολῶσθαι.</em></strong></span> <span class='ocrx_word' id='word_1_169' title='bbox 1044 2627 1095 2683; x_wconf 79' lang='lat'><strong><em>495</em></strong></span> 
     </span>
    </p>

    <p class='ocr_par' dir='ltr' id='par_1_3' title="bbox 91 2711 1096 3411">
     <span class='ocr_line' id='line_1_25' title="bbox 165 2711 1035 2804; baseline 0.002 -22"><span class='ocrx_word' id='word_1_170' title='bbox 165 2711 224 2793; x_wconf 78' lang='grc' dir='ltr'><strong><em>Ὣς</em></strong></span> <span class='ocrx_word' id='word_1_171' title='bbox 239 2713 342 2783; x_wconf 81' lang='grc' dir='ltr'><strong><em>είπών</em></strong></span> <span class='ocrx_word' id='word_1_172' title='bbox 362 2711 475 2802; x_wconf 71' lang='grc' dir='ltr'><strong><em>ὤρεξ’·</em></strong></span> <span class='ocrx_word' id='word_1_173' title='bbox 495 2711 513 2783; x_wconf 85' lang='grc' dir='ltr'>ὁ</span> <span class='ocrx_word' id='word_1_174' title='bbox 528 2714 560 2784; x_wconf 87' lang='grc' dir='ltr'><strong><em>δ’</em></strong></span> <span class='ocrx_word' id='word_1_175' title='bbox 576 2719 707 2798; x_wconf 87' lang='grc' dir='ltr'><strong><em>ἐδέξατο</em></strong></span> <span class='ocrx_word' id='word_1_176' title='bbox 723 2723 846 2804; x_wconf 78' lang='grc' dir='ltr'><strong><em>Φοῖβος</em></strong></span> <span class='ocrx_word' id='word_1_177' title='bbox 857 2713 1035 2802; x_wconf 79' lang='grc' dir='ltr'><strong><em>Ἀπόλλων,</em></strong></span> 
     </span>
     <span class='ocr_line' id='line_1_26' title="bbox 91 2810 869 2906; baseline 0.004 -24"><span class='ocrx_word' id='word_1_178' title='bbox 91 2810 193 2904; x_wconf 76' lang='grc' dir='ltr'><strong><em>Ἐρμῇ</em></strong></span> <span class='ocrx_word' id='word_1_179' title='bbox 207 2813 239 2885; x_wconf 90' lang='grc' dir='ltr'><strong><em>δ’</em></strong></span> <span class='ocrx_word' id='word_1_180' title='bbox 255 2814 447 2902; x_wconf 85' lang='grc' dir='ltr'><strong><em>ἐγγυάλιξεν</em></strong></span> <span class='ocrx_word' id='word_1_181' title='bbox 461 2825 547 2903; x_wconf 82' lang='grc' dir='ltr'><strong><em>ἔχειν</em></strong></span> <span class='ocrx_word' id='word_1_182' title='bbox 562 2816 702 2906; x_wconf 89' lang='grc' dir='ltr'><strong><em>μάστιγα</em></strong></span> <span class='ocrx_word' id='word_1_183' title='bbox 716 2816 869 2905; x_wconf 86' lang='grc' dir='ltr'><strong><em>φαεινήν,</em></strong></span> 
     </span>
     <span class='ocr_line' id='line_1_27' title="bbox 96 2913 958 3003; baseline 0.001 -18"><span class='ocrx_word' id='word_1_184' title='bbox 96 2924 272 3003; x_wconf 77' lang='grc' dir='ltr'><strong><em>βουκολίας</em></strong></span> <span class='ocrx_word' id='word_1_185' title='bbox 286 2913 316 2984; x_wconf 90' lang='grc' dir='ltr'><strong><em>τ’</em></strong></span> <span class='ocrx_word' id='word_1_186' title='bbox 332 2918 519 2985; x_wconf 82' lang='grc' dir='ltr'><strong><em>ἐπέτελλεν·</em></strong></span> <span class='ocrx_word' id='word_1_187' title='bbox 541 2923 653 2987; x_wconf 90' lang='grc' dir='ltr'><strong><em>έδεκτο</em></strong></span> <span class='ocrx_word' id='word_1_188' title='bbox 668 2921 704 2989; x_wconf 72' lang='grc' dir='ltr'><strong><em>δὲ</em></strong></span> <span class='ocrx_word' id='word_1_189' title='bbox 717 2919 873 2998; x_wconf 87' lang='grc' dir='ltr'><strong><em>Μαιάδος</em></strong></span> <span class='ocrx_word' id='word_1_190' title='bbox 886 2916 958 2998; x_wconf 86' lang='grc' dir='ltr'><strong><em>υίός</em></strong></span> 
     </span>
     <span class='ocr_line' id='line_1_28' title="bbox 95 3017 959 3110; baseline 0.002 -24"><span class='ocrx_word' id='word_1_191' title='bbox 95 3017 262 3108; x_wconf 85' lang='grc' dir='ltr'><strong><em>γηθήσας·</em></strong></span> <span class='ocrx_word' id='word_1_192' title='bbox 281 3023 419 3104; x_wconf 86' lang='grc' dir='ltr'><strong><em>κίθαριν</em></strong></span> <span class='ocrx_word' id='word_1_193' title='bbox 434 3019 470 3086; x_wconf 74' lang='grc' dir='ltr'><strong><em>δὲ</em></strong></span> <span class='ocrx_word' id='word_1_194' title='bbox 484 3017 597 3105; x_wconf 76' lang='grc' dir='ltr'><strong><em>λαβὼν</em></strong></span> <span class='ocrx_word' id='word_1_195' title='bbox 611 3017 667 3088; x_wconf 88' lang='grc' dir='ltr'><strong><em>ἐπ’</em></strong></span> <span class='ocrx_word' id='word_1_196' title='bbox 682 3018 837 3110; x_wconf 81' lang='grc' dir='ltr'><strong><em>ἀριστερά</em></strong></span> <span class='ocrx_word' id='word_1_197' title='bbox 850 3018 959 3108; x_wconf 79' lang='grc' dir='ltr'><strong><em>χειρὸς</em></strong></span> 
     </span>
     <span class='ocr_line' id='line_1_29' title="bbox 96 3116 1096 3210; baseline 0.004 -24"><span class='ocrx_word' id='word_1_198' title='bbox 96 3123 225 3205; x_wconf 84' lang='grc' dir='ltr'><strong><em>Αητούς</em></strong></span> <span class='ocrx_word' id='word_1_199' title='bbox 239 3116 358 3207; x_wconf 86' lang='grc' dir='ltr'><strong><em>ἀγλαὸς</em></strong></span> <span class='ocrx_word' id='word_1_200' title='bbox 371 3116 456 3206; x_wconf 84' lang='grc' dir='ltr'><strong><em>υίὸς,</em></strong></span> <span class='ocrx_word' id='word_1_201' title='bbox 477 3116 560 3202; x_wconf 86' lang='grc' dir='ltr'><strong><em>άναξ</em></strong></span> <span class='ocrx_word' id='word_1_202' title='bbox 574 3121 727 3210; x_wconf 84' lang='grc' dir='ltr'><strong><em>ἑκάεργος</em></strong></span> <span class='ocrx_word' id='word_1_203' title='bbox 738 3121 916 3209; x_wconf 79' lang='grc' dir='ltr'><strong><em>Ἀπόλλων,</em></strong></span> <span class='ocrx_word' id='word_1_204' title='bbox 1046 3137 1096 3190; x_wconf 72' lang='lat'><strong><em>500</em></strong></span> 
     </span>
     <span class='ocr_line' id='line_1_30' title="bbox 96 3219 959 3312; baseline 0.005 -24"><span class='ocrx_word' id='word_1_205' title='bbox 96 3219 251 3311; x_wconf 76' lang='grc' dir='ltr'><strong><em>πλήκτρῳ</em></strong></span> <span class='ocrx_word' id='word_1_206' title='bbox 265 3220 443 3309; x_wconf 82' lang='grc' dir='ltr'><strong><em>ἐπειρήτιζε</em></strong></span> <span class='ocrx_word' id='word_1_207' title='bbox 456 3220 539 3290; x_wconf 86' lang='grc' dir='ltr'><strong><em>κατά</em></strong></span> <span class='ocrx_word' id='word_1_208' title='bbox 553 3225 664 3310; x_wconf 89' lang='grc' dir='ltr'><strong><em>μέρος·</em></strong></span> <span class='ocrx_word' id='word_1_209' title='bbox 685 3220 706 3312; x_wconf 85' lang='grc' dir='ltr'><strong><em>ή</em></strong></span> <span class='ocrx_word' id='word_1_210' title='bbox 725 3222 756 3293; x_wconf 76' lang='grc' dir='ltr'><strong><em>δ</em></strong></span> <span class='ocrx_word' id='word_1_211' title='bbox 771 3222 836 3294; x_wconf 82' lang='grc' dir='ltr'><strong><em>ὑπὸ</em></strong></span> <span class='ocrx_word' id='word_1_212' title='bbox 849 3221 959 3312; x_wconf 83' lang='grc' dir='ltr'><strong><em>χειρός</em></strong></span> 
     </span>
     <span class='ocr_line' id='line_1_31' title="bbox 97 3320 899 3411; baseline 0.004 -20"><span class='ocrx_word' id='word_1_213' title='bbox 97 3321 228 3411; x_wconf 84' lang='grc' dir='ltr'><strong><em>ίμερόεν</em></strong></span> <span class='ocrx_word' id='word_1_214' title='bbox 243 3320 421 3409; x_wconf 77' lang='grc' dir='ltr'><strong><em>κονάβησε·</em></strong></span> <span class='ocrx_word' id='word_1_215' title='bbox 440 3320 519 3402; x_wconf 86' lang='grc' dir='ltr'><strong><em>θεός</em></strong></span> <span class='ocrx_word' id='word_1_216' title='bbox 534 3321 567 3391; x_wconf 88' lang='grc' dir='ltr'><strong><em>δ’</em></strong></span> <span class='ocrx_word' id='word_1_217' title='bbox 582 3320 647 3393; x_wconf 81' lang='grc' dir='ltr'><strong><em>ὑπὸ</em></strong></span> <span class='ocrx_word' id='word_1_218' title='bbox 661 3325 764 3395; x_wconf 82' lang='grc' dir='ltr'><strong><em>καλὸν</em></strong></span> <span class='ocrx_word' id='word_1_219' title='bbox 777 3325 899 3396; x_wconf 86' lang='grc' dir='ltr'><strong><em>άειδεν.</em></strong></span> 
     </span>
    </p>

    <p class='ocr_par' dir='ltr' id='par_1_4' title="bbox 98 3423 946 3618">
     <span class='ocr_line' id='line_1_32' title="bbox 163 3423 946 3516; baseline 0.004 -24"><span class='ocrx_word' id='word_1_220' title='bbox 163 3423 272 3493; x_wconf 62' lang='lat' dir='ltr'><strong><em>”Ma</em></strong></span> <span class='ocrx_word' id='word_1_221' title='bbox 285 3423 364 3509; x_wconf 92' lang='grc' dir='ltr'><strong><em>βόας</em></strong></span> <span class='ocrx_word' id='word_1_222' title='bbox 378 3424 438 3511; x_wconf 74' lang='grc' dir='ltr'><strong><em>μέν</em></strong></span> <span class='ocrx_word' id='word_1_223' title='bbox 456 3432 567 3493; x_wconf 80' lang='grc' dir='ltr'><strong><em>ἔπειτα</em></strong></span> <span class='ocrx_word' id='word_1_224' title='bbox 581 3429 655 3495; x_wconf 86' lang='grc' dir='ltr'><strong><em>ποτὶ</em></strong></span> <span class='ocrx_word' id='word_1_225' title='bbox 668 3428 789 3511; x_wconf 90' lang='grc' dir='ltr'><strong><em>ζάθεον</em></strong></span> <span class='ocrx_word' id='word_1_226' title='bbox 801 3431 946 3516; x_wconf 75' lang='grc' dir='ltr'><strong><em>λειμῶνα</em></strong></span> 
     </span>
     <span class='ocr_line' id='line_1_33' title="bbox 98 3521 910 3618; baseline -0.001 -22"><span class='ocrx_word' id='word_1_227' title='bbox 98 3529 291 3615; x_wconf 88' lang='grc' dir='ltr'><strong><em>ἐτραπέτην·</em></strong></span> <span class='ocrx_word' id='word_1_228' title='bbox 312 3521 406 3593; x_wconf 80' lang='grc' dir='ltr'><strong><em>αὐτοὶ</em></strong></span> <span class='ocrx_word' id='word_1_229' title='bbox 421 3525 472 3612; x_wconf 74' lang='grc' dir='ltr'><strong><em>δέ,</em></strong></span> <span class='ocrx_word' id='word_1_230' title='bbox 493 3524 575 3606; x_wconf 84' lang='grc' dir='ltr'><strong><em>Διὸς</em></strong></span> <span class='ocrx_word' id='word_1_231' title='bbox 589 3532 786 3618; x_wconf 90' lang='grc' dir='ltr'><strong><em>περικαλλέα</em></strong></span> <span class='ocrx_word' id='word_1_232' title='bbox 799 3531 910 3614; x_wconf 90' lang='grc' dir='ltr'><strong><em>τέκνα,</em></strong></span> 
     </span>
    </p>
   </div>
   <div class='ocr_carea' id='block_1_3' title="bbox 0 0 1197 3900">
    <p class='ocr_par' dir='ltr' id='par_1_5' title="bbox 0 0 1197 3900">
     <span class='ocr_line' id='line_1_34' title="bbox 0 0 1197 3900; baseline 0 0"><span class='ocrx_word' id='word_1_233' title='bbox 0 0 1197 3900; x_wconf 95' lang='lat' dir='ltr'><strong><em> </em></strong></span> 
     </span>
    </p>
   </div>
  </div>
 </body>
</html>
