2376 3900
61 231 167 284 XXIII.
182 231 245 282 ΕΙΣ
257 229 327 280 AIA.
352 229 451 281 XXIV.
467 227 529 278 ΕΙΣ
541 227 686 280 ΕΣΤΙΑΝ.
705 227 791 278 XXV·
809 226 871 277 ΕΙΣ
884 223 999 276 ΜΟΤΣ.
1027 208 1066 269 75

498 408 631 474 XXIII.

451 547 541 598 ΕΙΣ
575 552 598 595 Δ
614 545 680 597 ιε.

141 694 234 776 Ζῆνα
248 693 341 758 θεῶν
355 687 413 757 τὸν
427 686 563 777 άριστον
576 685 727 776 ἀείσομαι
741 684 801 775 ἠδὲ
814 690 980 775 μέγιστον,

62 787 231 881 εὐρύοπα,
252 798 422 880 κρείοντα,
445 789 665 879 τελεσφόρον,
686 787 761 859 όστε
776 791 912 877 Θέμιστι

62 890 221 980 ἐγκλιδὸν
233 895 367 983 ἑζομένῃ
382 891 543 972 πυκινοὺς
557 890 677 982 ὀάρους
689 887 819 981 ὀαρίζει.

132 991 255 1082 Ἵληδ’,
278 992 425 1084 εὐρύοπα
438 1000 605 1084 Κρονίδη,
626 993 775 1081 κύδιστε,
796 995 936 1082 μέγιστε.

509 1300 637 1366 XXIV.

434 1437 505 1488 Ειε
530 1437 703 1490 mmm.

136 1573 262 1664 Ἐστίη,
284 1574 341 1665 ἥτε
355 1576 496 1660 ἄνακτος
507 1576 711 1660 ’Λπόλλωνος
724 1579 850 1649 ἑκάτοιο

62 1687 182 1749 Πυθοῖ
196 1682 233 1748 ἐν
245 1676 374 1770 ἠγαθέῃ
390 1679 480 1770 ίερδν
495 1681 597 1770 δόμον
610 1678 856 1771 άμφιπολεύεις,

63 1783 131 1850 αἰεὶ
144 1785 215 1850 σάν
228 1782 408 1872 πλοκάμων
421 1781 632 1872 ἀπολείβεται
645 1781 750 1874 ὑγρὸν
764 1791 891 1855 ἔλαιον·

64 1889 159 1972 ἔρχεο
173 1881 268 1953 τόνδ’
282 1881 346 1953 άνά
362 1885 472 1974 οἷκον,
495 1889 630 1975 ἐπέρχεο
645 1884 846 1986 εύμενέουσα

64 1983 129 2054 σὺν
143 1992 206 2056 Διῒ
217 1986 399 2075 μητιόεντι·
416 1988 514 2078 χάριν
528 1986 561 2059 δ’
576 1988 635 2079 ἅμ’
650 1986 797 2058 ὄπασσον
811 1985 918 2078 άοιδῇ.
1054 2007 1069 2057 5

515 2301 626 2366 XXV.

295 2438 357 2489 ενι
375 2437 531 2489 Μουειε
547 2438 612 2489 τοι]
628 2437 845 2490 ιιιοωιααι.

144 2580 317 2650 Μουσάων
331 2579 480 2670 άρχωμαι
493 2577 696 2660 Ἀπόλλωνός
710 2607 745 2650 τε
759 2571 841 2661 Διός
855 2601 905 2650 τε·

65 2687 104 2754 ἐκ
116 2680 181 2772 γάρ
198 2683 372 2753 Μουσάων
386 2685 442 2752 καὶ
456 2683 618 2772 ἑκηβόλου
630 2680 832 2765 ’Λπόλλωνος

64 2783 189 2875 ἄνδρες
202 2783 310 2855 άοιδοὶ
324 2794 417 2856 ἔασιν
431 2787 485 2855 ἐπὶ
498 2788 597 2873 χθονὶ
611 2788 667 2856 καὶ
681 2794 883 2876 κιθαρισταί,

65 2891 105 2957 ἐκ
119 2889 156 2956 δὲ
170 2885 253 2968 Διὸς
266 2893 434 2976 βασιλῆες·
462 2884 480 2955 ὁ
496 2885 529 2956 δ’
545 2885 674 2976 όλβιος,
697 2886 812 2959 ὅντινα
824 2893 959 2958 Μοῦσαι

65 2997 248 3076 φίλωνται·
263 2989 408 3079 γλυκερή
421 2992 456 3058 οί
466 2985 531 3058 άπὸ
545 2990 704 3080 στόματος
720 2994 787 3080 ῥέει
801 2990 896 3079 αύδύ.
1057 3007 1073 3060 5

142 3098 302 3180 Χαίρετε,
324 3095 423 3162 τέκνα
437 3090 535 3180 Διὸς,
555 3095 611 3163 καὶ
624 3091 706 3183 ἐμὴν
719 3090 870 3183 τιμήσατ’
890 3089 1022 3180 άοιδήν·

67 3188 173 3282 αύτάρ
187 3190 274 3280 ἐμάν
287 3191 400 3283 ὑμέων
413 3219 448 3262 τε
463 3197 519 3264 καὶ
533 3193 633 3282 άλλης
645 3193 788 3284 μνήσομ’
803 3193 926 3283 άοιδῆς.
