2376 3900
347 246 370 295 1.
380 298 383 302 ,
395 246 457 296 ΕΙΣ
473 244 680 298 ΑΠΟΛΛΩΝΑ
696 245 846 298 ΔΗΛΙΟΝ.
1077 232 1095 291 5

93 400 272 489 άνθρωποί
281 426 331 469 τοι
346 400 465 480 πάντες
479 397 674 488 άγινήσουσ’
690 400 871 489 ἑκατόμβας

93 500 213 573 ἐνθάδ’
228 500 453 591 ἀγειρόμενοι,
474 509 592 590 κνίσση
607 506 647 572 δέ
657 529 707 572 τοι
719 501 858 582 ἄσπετος
872 507 937 574 αἰεί

93 602 223 696 *δηρὸν
237 602 319 687 άναξ
335 611 365 672 ει’
377 603 509 692 βόσκοις
522 608 597 673 θεοὶ
612 607 652 673 κε’
662 601 695 672 σ’
710 612 829 692 ἔχωσιν

92 705 200 796 χειρός
214 703 273 775 ἀπ’
288 703 477 793 ἀλλοτρίης,
499 709 570 775 ἐπεί
584 703 624 775 ού
639 733 689 775 τοι
703 722 783 795 πῖαρ
797 703 859 774 ὑπ’
875 700 985 788 ούδας.
1062 723 1096 776 60

157 806 218 888 Ὦς
232 807 331 896 φάτο·
344 825 438 897 χαῖρε
453 807 489 876 δὲ
499 814 609 895 Δῆλος
617 861 626 894 ,
642 805 842 896 ἀμειβομένη
857 809 893 877 δὲ
907 809 1095 899 προσηύδα·

93 919 198 997 Λητοῖ
203 963 212 997 ,
235 915 373 997 κυδίστη
386 909 533 1000 θύγατερ
548 910 694 999 μεγάλου
707 917 833 996 Κοίοιο,

94 1011 237 1099 ἀσπασίη
252 1013 313 1100 μὲν
326 1020 430 1100 ἔγωγε
443 1010 546 1098 γονήν
560 1012 686 1081 ἑκάτοιο
700 1009 841 1090 ἀνακτος

95 1119 265 1202 δεξαίμην·
287 1119 388 1193 αἰνῶς
402 1111 466 1201 γάρ
481 1113 642 1203 ἐτήτυμόν
656 1122 722 1202 είμι
736 1115 879 1203 δυσηχὴς

94 1213 271 1305 ἀνδράσιν·
293 1205 358 1284 ὦδε
373 1218 482 1284 δέκευ
497 1215 731 1304 περιτιμήεσσα
743 1223 910 1306 γενοίμην.
1063 1233 1096 1286 65

94 1315 177 1387 ἀλλά
189 1316 265 1386 τόδε
278 1320 420 1406 τρομέω,
442 1322 561 1404 Λητοῖ,
585 1324 677 1405 ἔπος,
697 1315 780 1387 ούδέ
790 1339 828 1386 σε
840 1318 963 1388 κεύσω·

95 1427 170 1508 λίην
183 1418 246 1508 γάρ
260 1447 334 1487 τινα
348 1420 451 1506 φασίν
464 1415 656 1488 ἀτάσθαλον
667 1416 856 1489 Ἀπόλλωνα

95 1529 268 1607 ἔσσεσθαι,
289 1524 373 1609 μέγα
388 1521 424 1590 δὲ
438 1525 708 1610 πρυτανευσέμεν
722 1519 918 1592 ἀθανάτοισι

95 1626 150 1692 καὶ
161 1634 316 1711 θνητοῖσι
329 1631 498 1711 βροτοῖσιν
514 1625 568 1691 ἐπὶ
586 1627 742 1711 ζείδωρον
755 1621 911 1712 άρουραν.

97 1729 142 1817 τῷ
156 1722 190 1814 ῥ’
206 1728 307 1802 αίνως
322 1729 469 1793 δείδοικα
484 1723 566 1792 κατὰ
582 1726 689 1812 φρένα
703 1727 759 1793 καὶ
772 1724 854 1793 κατά
867 1725 989 1814 θυμόν,
1062 1740 1096 1794 70

94 1825 156 1916 μή,
177 1823 301 1895 ὁπόταν
314 1824 350 1893 τδ
364 1830 497 1915 πρῶτον
511 1831 566 1914 ίδη
581 1826 665 1912 φάος
678 1824 812 1914 ήελίοιο,

94 1933 197 2016 νήσου
210 1926 385 2015 ἀτιμήσας,
408 1925 500 2014 ἐπειή
514 1927 742 2016 κραναήπεδός
757 1934 834 2016 εἰμι,

95 2032 193 2099 ποσσὶ
207 2032 432 2117 καταστρέψας
447 2028 515 2117 ω’ση
530 2026 607 2107 ἀλδς
621 2033 658 2098 ἐν
671 2029 878 2116 πελάγεσσιν.

95 2129 172 2202 ἔνθ’
188 2131 243 2219 ἐμὲ
256 2131 317 2219 μὲν
330 2135 413 2218 μέγα
427 2135 514 2218 κύμα
529 2131 611 2200 κατά
624 2130 742 2219 κρατός
755 2129 827 2210 ἅλις
842 2134 906 2201 αίελ

94 2233 244 2302 κλύσσει·
265 2229 282 2300 ὁ
299 2228 331 2300 δ’
346 2229 450 2320 ἀλλην
462 2249 563 2320 γαῖαν
577 2230 744 2319 ἀφίξεται,
764 2231 785 2319 ή
798 2260 857 2302 κεν
871 2232 935 2321 άδη
950 2226 991 2319 όί,
1064 2245 1096 2300 75

95 2335 274 2417 τεύξασθαι
288 2332 370 2420 νηόν
383 2361 419 2401 τε
433 2337 490 2402 καὶ
503 2332 603 2403 άλσεα
619 2333 835 2422 δενδρήεντα·

95 2435 303 2513 πουλύποδες
318 2431 351 2502 δ’
367 2437 403 2502 ἐν
418 2438 489 2522 ἐμοὶ
502 2435 655 2522 θαλάμας
671 2441 785 2522 φωκαί
795 2460 831 2501 τε
843 2436 995 2522 μέλαιναι

95 2545 184 2608 οίκία
197 2535 389 2626 ποιήσονται
404 2533 543 2623 ἀκηδέα,
564 2536 656 2623 χήτει·
667 2541 766 2605 λαόν.

96 2636 170 2708 ἀλλ’
186 2650 220 2708 εί
229 2665 284 2727 μοι
298 2645 410 2725 τλαίης
423 2666 478 2725 γε,
498 2635 580 2722 θεά,
601 2641 705 2725 μέγαν
719 2636 819 2726 ὅρκον
833 2635 980 2725 ὀμόσσαι,

97 2740 220 2810 ἐνθάδε
233 2768 292 2828 μιν
306 2744 438 2827 πρῶτον
450 2739 578 2822 τεύξειν
591 2743 789 2828 περικαλλέα
801 2743 894 2828 νηὸν,
1061 2754 1096 2807 80

97 2850 233 2930 ἔμμεναι
248 2838 440 2927 ἀνθρώπων
453 2841 667 2930 χρηστήριον,
687 2838 791 2930 αύτάρ
806 2849 917 2911 ἔπειτα

299 2949 315 2991 *
520 2954 536 2995 θ
738 2945 755 2982 *

96 3044 221 3124 πάντας
235 3040 288 3112 ἐπ’
304 3041 521 3132 ἀνθρώπους,
542 3042 635 3132 ἐπειὴ
649 3042 865 3133 πολυώνυμός
880 3047 976 3112 ἐστιν.

165 3143 226 3226 Ὣς
240 3143 296 3234 ἀρ’
312 3152 391 3233 ἔφη·
412 3143 508 3233 Λητεδ
524 3147 560 3215 δὲ
572 3150 664 3216 θεων
677 3150 782 3235 μέγαν
795 3144 895 3235 ὅρκον
908 3143 1063 3233 όμοσσεν·

89 3245 184 3317 ’Ἰστω
197 3251 263 3316 νύν
276 3245 354 3316 τάδε
368 3253 453 3315 Γαία
468 3250 523 3316 καὶ
538 3244 689 3337 Θύρανδς
703 3245 801 3336 εύρύς
814 3245 974 3337 ὕπερθεν,

96 3352 153 3420 καὶ
167 3347 203 3420 τό
217 3342 454 3438 κατειβόμενον
467 3348 598 3437 Στυγός
612 3347 704 3438 ὕδωρ
712 3402 721 3435 ,
742 3346 818 3418 ὅστε
831 3353 982 3438 με’γιστος
1061 3364 1095 3417 85

97 3449 195 3541 ὅρκος
209 3449 395 3530 δεινότατός
407 3478 444 3519 τε
457 3454 548 3520 πέλει
561 3450 742 3539 μακάρεσσι
755 3462 902 3521 θεοῖσιν·

96 3543 119 3641 ή
130 3552 197 3644 μήν
212 3559 339 3642 Φοίβου
352 3557 431 3642 τῇδε
444 3551 579 3640 θυώδης
593 3560 720 3624 ἔσσεται
734 3553 799 3622 αἰεὶ
