2376 3900
356 229 418 279 vn.
442 228 631 281 Διοαυυου
649 228 840 282 amm.
1063 216 1103 280 67

99 396 136 459 ἐκ
151 384 227 456 ποτ’
243 389 314 476 ἐρεῖ
326 380 429 452 αύτού
441 412 476 453 τε
491 392 608 471 φίλους
622 387 677 452 καὶ
693 384 840 472 κτήματα
853 385 960 456 πάντα
1070 406 1103 458 30

98 488 157 570 ούς
170 517 207 558 τε
222 485 456 575 κασιγνήτους,
478 488 549 554 ἐπεὶ
562 484 641 575 ήμιν
655 494 777 574 ἔμβαλε
792 492 929 575 δαίμων.

169 589 229 670 Ὣς
244 587 347 660 είπάν
361 587 452 657 ίστόν
464 615 500 657 τε
515 589 569 657 καὶ
584 595 688 658 ἱστίον
702 593 813 659 ἕλκετο
827 589 913 676 νηός.

98 701 285 783 ἔμπνευσεν
299 687 332 760 δ’
347 687 467 779 άνεμος
480 692 581 780 μέσον
597 697 715 761 ἱστίον·
735 688 820 780 ἀμφὶ
835 689 867 759 δ’
883 689 940 781 ἀρ’
955 690 1040 762 ὅπλα

97 794 331 868 καττάνυσαν·
345 792 426 879 τάχα
442 794 482 862 δέ
492 815 573 880 σφιν
588 796 740 881 ἐφαίνετο
753 792 911 882 θαυματά
924 802 1012 883 ἔργα.

97 897 188 978 οἶνος
201 898 264 986 μὲν
277 894 443 983 πρώτιστοι
453 894 540 982 θοήν
553 893 617 965 ἀνά
630 900 694 982 νήα
706 899 867 983 μέλαιναν
1068 913 1104 966 35

96 997 263 1088 ἡδύποτος
276 995 430 1085 κελάρυζ’
446 994 589 1085 εύοόδης,
611 996 739 1086 όόρνυτο
754 994 788 1065 δ’
803 995 888 1085 όδμή

97 1098 277 1191 ἀμβροσίη·
299 1099 422 1178 ναύτας
437 1100 473 1168 δὲ
486 1098 590 1186 τάφος
604 1099 685 1187 λάβε
699 1099 824 1178 πάντας
839 1099 979 1178 ι’δόντας.

96 1200 217 1273 αύτίκα
232 1201 265 1273 δ’
280 1200 463 1292 ἀκρότατον
477 1200 567 1290 παρὰ
582 1207 686 1271 ίστίον
700 1199 903 1288 ἐξετανύσθη

96 1303 241 1394 άμπελος
254 1313 339 1376 ἔνθα
352 1306 407 1372 καλ
422 1311 524 1390 ἔνθα,
546 1308 818 1392 κατεκρημνῶντο
835 1303 871 1372 δὲ
885 1305 1001 1372 πολλοὶ

95 1406 252 1497 βότρυες·
273 1403 356 1496 ἀμφ’
373 1404 464 1474 ίστόν
479 1405 515 1475 δὲ
528 1406 627 1492 μέλας
643 1411 800 1474 είλίσσετο
815 1403 936 1492 κισσός,
1067 1419 1103 1472 40

96 1506 218 1579 άνθεσι
232 1506 423 1598 τηλεθάων,
445 1515 568 1597 χαρίεις
588 1505 621 1575 δ’
636 1510 689 1576 ἐπὶ
703 1505 828 1596 καρπός
844 1505 979 1595 ὀρώρει·

95 1610 217 1691 πάντες
233 1611 269 1681 δὲ
284 1612 422 1698 σκαλμοὶ
436 1607 620 1696 στεφάνους
634 1617 724 1696 ἔχον·
751 1615 786 1678 οί
798 1609 833 1678 δὲ
847 1607 985 1696 ίδόντες,

95 1709 152 1800 νῆ’
167 1710 231 1800 ήδη
244 1709 312 1782 τότ’
327 1719 439 1782 ἔπειτα
452 1710 659 1800 κυβερνήτην
674 1713 827 1781 ἐκέλευον
897 1702 901 1716 “

96 1817 141 1904 γή
153 1813 297 1883 πελάαν·
324 1809 341 1881 ό
358 1811 390 1881 δ’
406 1811 471 1900 άρα
485 1831 545 1900 σφι
559 1818 644 1882 λέων
657 1810 766 1900 γένετ’
781 1818 898 1882 ἔνδοθι
912 1808 989 1899 νηὸς

96 1913 206 1994 δεινὸς
217 1914 272 1985 ἐπ’
284 1913 474 2010 ἀκροτάτης,
483 1917 566 2003 μέγα
578 1913 611 1983 δ’
623 1922 772 2003 ἔβραχεν,
784 1919 821 1984 ἐν
832 1911 865 1982 δ’
875 1911 938 2003 άρα
949 1916 1052 2003 μέσση
1065 1929 1099 1983 45

94 2015 220 2104 άρκτον
232 2006 387 2110 ἐποίησεν
399 2013 616 2103 λασιαύχενα,
638 2016 764 2106 σήματα
779 2025 925 2105 φαίνων·

94 2115 138 2187 ἀν
155 2115 190 2186 δ’
206 2125 281 2207 ἐστη
296 2115 457 2213 μεμαυῖα·
479 2121 564 2187 λέων
579 2116 609 2186 δ’
626 2122 679 2187 ἐπὶ
696 2124 854 2207 σέλματος
868 2116 972 2206 άκρου

95 2218 209 2289 δεινὸν
222 2216 353 2310 ύπόδρα
367 2219 465 2290 ίδύν·
492 2225 526 2288 οί
538 2218 570 2288 δ’
586 2227 631 2299 είς
647 2221 801 2309 πρύμνην
815 2220 996 2308 ἐφόβηθεν,

93 2319 179 2409 ἀμφὶ
192 2320 401 2411 κυβερνήτην
420 2323 456 2391 δὲ
471 2321 640 2409 σαόφρονα
653 2321 766 2410 θυμόν
780 2331 895 2409 ἔχοντα

93 2430 194 2494 ἔσταν
207 2420 263 2519 ἀρ’
279 2426 508 2512 ἐκπληγέντες·
529 2420 546 2491 ὁ
562 2420 595 2491 δ’
611 2426 763 2512 ἐξαπίνης
781 2421 962 2512 ἐπορούσας
1064 2441 1097 2492 50

92 2521 272 2614 dogm-³522
295 2531 330 2594 οί
341 2525 377 2594 δέ
391 2524 514 2614 θύραζε
529 2523 632 2594 κακόν
646 2526 749 2614 μόρον
763 2526 955 2609 ἐξαλύοντες

92 2625 214 2706 πάντες
227 2623 314 2714 ὁμῶς
331 2626 499 2715 πήδησαν,
524 2629 595 2695 ἐπεὶ
610 2632 699 2715 ίδον,
721 2636 766 2708 είς
779 2628 842 2697 άλα
858 2634 945 2714 δῖαν,

94 2733 250 2816 δελφῖνες
265 2726 298 2797 δ’
315 2731 483 2816 ἐγένοντο·
510 2729 718 2818 κυβερνήτην
734 2728 766 2798 δ’
783 2730 916 2819 ἐλεήσας

92 2838 213 2918 ἔσχεθε
229 2837 289 2899 καί
298 2859 357 2918 μιν
370 2838 472 2920 ἔθηκε
486 2828 669 2917 πανόλβιον
683 2832 756 2901 είπέ
767 2859 802 2900 τε
816 2837 944 2920 μύθου·

173 2930 313 3021 Θάρσει,
336 2938 386 3002 δῖε
399 2930 525 3018 κάτωρ,
544 2936 592 3023 τῷ
610 2936 678 3025 ἐμῷ
691 2937 906 3023 κεχαρισμένε
919 2937 1033 3024 θυμῷ·
1063 2951 1097 3003 55

92 3035 161 3122 είμλ
175 3029 208 3102 δ’
224 3031 288 3121 ἐγώ
303 3032 469 3113 Διόνυσος
484 3037 673 3122 ἐρίβρομος,
695 3033 735 3105 δν
752 3038 825 3105 τέκε
839 3034 943 3123 μήτηρ

91 3136 244 3224 Καδμηὶς
257 3138 387 3224 Σεμέλη
401 3133 484 3214 Διός
498 3138 535 3204 ἐν
548 3135 697 3223 φιλότητι
711 3153 851 3225 μιγεῖσα.

170 3244 291 3326 Χαῖρε,
312 3239 405 3317 τέκος
418 3238 566 3325 Σεμέλης
581 3235 757 3317 εύάπιδος·
779 3235 861 3307 ούδέ
872 3263 918 3327 πη
931 3245 999 3310 ἐστι

90 3335 163 3408 σεῖό
175 3365 215 3425 γε
228 3337 417 3428 ληθόμενον
429 3338 594 3429 γλυκερὴν
607 3345 766 3427 κοσμῆσαι
780 3337 907 3429 άοιδήν.

722 3740 727 3754 ι
831 3732 935 3792 uzu*
