2376 3900
128 212 169 274 64
452 225 486 277 v.
510 225 572 276 mn
589 224 800 276 ΔΗΜΗΤΡΑΝ.

129 386 217 451 πάσα
231 383 267 450 δὲ
282 380 458 469 φύλλοισίν
471 406 506 448 τε
519 381 575 448 καί
588 376 729 449 άνθεσιν
743 373 856 468 εύρεϊα
868 377 964 466 χθών

129 481 254 571 ἔβρισ’·
274 479 295 571 ή
309 483 346 552 δέ
359 486 477 552 κιοῦσα
489 479 740 568 θεμιστοπόλοις
753 485 948 566 βασιλεῦσιν

130 589 234 671 δεῖξε,
260 587 471 676 Τριπτολέμῳ
484 610 520 651 τε
534 593 673 652 Διοκλεῖ
684 608 720 650 τε
733 585 919 674 πληξίππῳ,

38 676 50 704 δ
128 683 309 775 Εὐμόλπου
321 713 357 754 τε
370 693 428 773 βίη
441 689 557 775 Κελεῷ
568 681 609 754 θ’
623 682 758 773 ἡγήτορι
772 688 872 769 λαιόν,
913 732 916 738 ·
1077 699 1131 757 475

130 785 363 875 δρησμοσύνην
376 785 415 856 θ’
431 786 531 874 ίερεόν
538 838 548 872 ,
568 789 623 854 καὶ
637 787 825 872 ἐπέφραδεν
840 783 936 873 όργια
950 788 1064 874 πᾶσιν,

129 888 249 976 σεμνά,
269 888 309 958 τά
322 887 353 957 τ’
368 885 480 966 ούπως
493 890 562 955 έστλ
575 888 755 973 παρεξίμεν,
771 897 834 958 οὔτε
846 887 1031 974 πυθέσθαι,

128 988 201 1059 οὔτ’
218 987 341 1076 άχέειν·
361 992 444 1077 μέγα
458 986 520 1076 γάρ
534 1015 566 1056 τι
577 992 669 1056 θεοῖν
683 984 761 1074 άγος
775 987 902 1074 ἰσχάνει
916 985 1034 1078 αύδήν.

128 1089 256 1177 όλβιος,
277 1087 313 1169 ὃς
325 1087 400 1159 τάδ’
415 1087 550 1158 ὄπωπεν
563 1093 765 1176 ἐπιχθονίων
778 1085 985 1177 ἀνθρώπων·
1078 1105 1132 1161 480

128 1189 164 1270 ὃς
179 1187 212 1259 δ’
227 1187 342 1278 ἀτελής
356 1195 472 1280 ίεροόν,
492 1187 529 1270 ός
545 1187 576 1259 τ’
591 1186 752 1280 άμμορος,
773 1187 896 1260 οὔποθ’
915 1187 1035 1279 ὁμοίως

129 1293 229 1362 αἶσαν
241 1298 307 1379 ἔχει
320 1292 484 1380 φθίμενός
497 1318 559 1380 περ
572 1289 637 1361 ὑπὸ
651 1290 738 1383 ζόφῳ
753 1289 920 1380 εὐρώεντι.

198 1388 314 1482 Αύτάρ
329 1393 443 1482 ἐπειδή
456 1391 561 1463 πάνθ’
577 1391 768 1480 ὑπεθήκατο
784 1399 839 1464 δία
851 1392 977 1479 θεάων,

128 1492 194 1581 βάν
208 1491 242 1581 ῥ’
257 1504 332 1582 ίμεν
348 1492 568 1584 Οὔλυμπόνδε
581 1500 673 1565 θεῶν
684 1493 764 1583 μεθ’
778 1491 941 1585 ὁμήγυριν
954 1493 1066 1565 άλλων

129 1601 214 1665 ἔνθα
228 1595 265 1664 δὲ
278 1595 467 1666 ναιετάουσι
481 1598 583 1684 παραὶ
596 1602 658 1666 ΔιλΙ
669 1596 917 1689 τερπικεραύνῳ
1079 1613 1132 1670 485

129 1704 250 1785 σεμναί
259 1694 294 1765 τ’*
304 1703 432 1769 αίδοῖαί
442 1719 494 1766 τε·
521 1695 595 1787 μέγ’
610 1695 737 1784 όλβιος,
757 1695 876 1768 ὅντιν’
891 1701 1016 1769 ἐκείναι

129 1801 343 1889 προφρονέως
357 1808 519 1888 φίλωνται
533 1804 735 1887 ἐπιχθονίων
748 1797 948 1888 άνθροόπων.

129 1899 211 1980 αίφα
226 1902 265 1969 δέ
276 1906 310 1969 oc
321 1904 507 1987 πέμπουσιν
521 1904 673 1989 ἐφέστιον
686 1905 719 1980 ές
732 1904 816 1988 μέγα
831 1906 925 1988 δεῖμα

128 2004 299 2085 Πλοῦτον,
319 1998 354 2079 ὃς
367 1998 557 2090 άνθροόποις
571 2000 694 2089 ἄφενος
706 2014 861 2090 θνητοῖσι
877 2008 1025 2071 δίδωσιν.

150 2174 154 2178 ,
203 2099 290 2169 Ἀλλ’
305 2099 361 2189 ἄγ’
373 2097 555 2183 Ἐλευσῖνος
566 2108 730 2191 θυοέσσης
745 2110 850 2192 δῆμον
863 2112 1006 2191 ἔχουσαι,
1072 2120 1131 2183 ,490

128 2203 184 2270 καὶ
197 2202 315 2292 Πάρον
330 2199 520 2293 άμφιρύτην
531 2203 703 2294 ’Ἁντρωνά
715 2233 751 2274 τε
763 2205 955 2295 πετρήεντα,

128 2303 263 2391 πότνια,
283 2301 483 2394 ἀγλαόδωρ’,
504 2303 673 2396 ὡρηφόρε,
696 2317 785 2394 Δηοῖ
797 2304 935 2394 ύυασσα,

128 2403 229 2492 αύτή,
253 2407 309 2475 καὶ
323 2406 427 2495 κούρη
443 2405 639 2496 περικαλλὴς
655 2408 896 2498 Περσεφόνεια,

128 2508 315 2595 πρόφρονες
329 2504 404 2577 ἄντ’
420 2506 507 2600 ςόδής
520 2518 633 2597 βίοτον
645 2508 791 2598 θυμήρε’
806 2506 947 2594 όπάζειυ.

127 2605 233 2694 αύτάρ
247 2610 311 2695 ἐγὼ
325 2612 381 2677 καί
394 2626 464 2679 σεῖο
477 2613 532 2678 καὶ
546 2608 646 2700 άλλης
658 2609 800 2700 μνήσομ’
817 2608 938 2700 άοιδής.
1079 2622 1130 2677 495

129 2817 316 2899 Τριπτολέμῳ
330 2839 374 2893 τε,
403 2821 568 2901 Πολυξείνῳ
582 2815 621 2898 τ’,
644 2821 692 2883 ἐπὶ
708 2828 769 2894 τοῖς
785 2819 817 2883 δὲ
833 2824 956 2882 Διοκλεῖ
1080 2826 1128 2885 4ss

529 3071 725 3083 -——-—·--·
