2376 3900
148 197 184 257 ¹6
386 214 422 264 11.
446 213 507 264 ειε
523 211 730 264 Ασοαεοαε
747 209 901 263 Πεοεοα.

146 372 208 455 νῆα
220 367 322 456 θοήν·
344 372 380 437 ἐν
396 364 428 435 δ’
444 364 563 456 άνδρες
576 374 656 436 ἔσαν
676 370 789 446 πολέες
802 394 838 435 τε
852 367 907 434 καὶ
921 369 1045 437 ἐσθλοί.
1067 372 1142 450 [005]

147 474 271 558 Κρῆτες
285 466 348 541 άπὸ
362 473 504 538 Κνωσοῦ
517 476 690 554 Μινωίου,
710 474 744 538 οἵ
756 473 799 558 ῥα
811 465 844 535 τ’
858 464 975 536 άνακτι

346 574 362 614 ε
565 573 581 613 ε
781 567 797 603 *

144 677 179 740 οί
189 672 250 759 μέν
263 673 316 740 ἐπὶ
330 675 448 761 πρῆξιν
464 673 520 739 καὶ
532 670 679 759 χρήματα
693 673 748 759 νηὶ
761 678 899 761 μελαίνῃ

145 778 177 852 ἐς
190 772 306 842 Πύλον
320 770 509 861 ἠμαθόεντα
523 775 735 859 Πνληγενέας
748 770 779 841 τ’
793 769 993 860 ἀνθρώπους
1090 791 1142 844 200

145 883 276 944 ἔπλεον·
299 871 403 962 αὐτάρ
417 870 435 942 ό
449 890 533 942 τοῖσι
546 872 725 961 συνήντετο
740 882 861 962 Φοῖβος
872 872 1056 946 Ἀπόλλων·

144 979 181 1045 ἐν
196 974 306 1067 πόντῳ
323 973 354 1043 δ’
370 975 529 1061 ἐπόρουσε
544 978 644 1062 δέμας
655 974 913 1072 δελφίνιέοικώς
1065 981 1141 1060 [400]

143 1079 198 1163 νηλ
211 1081 295 1165 θοῇ,
316 1080 371 1145 καλ
384 1093 473 1146 κεῖτο
486 1080 595 1166 πέλωρ
609 1080 691 1164 μέγα
705 1105 740 1146 τε
755 1076 866 1147 δεινόν
880 1095 929 1146 τε·

143 1182 210 1245 τών
226 1174 259 1245 δ’
273 1176 363 1257 οῦτις
377 1176 458 1247 κατά
471 1176 582 1265 θυμὸν
596 1175 798 1268 ἐπεφράσατ’
815 1175 878 1246 οῦδ
883 1174 891 1201 ’
907 1176 1038 1266 ἐνόησε·

345 1285 360 1322 ε
565 1278 580 1313 *
784 1288 801 1331 ει

143 1376 285 1448 πάντυθ’
301 1376 535 1464 άνασσείασκε,
557 1388 690 1449 τίνασσε
704 1380 741 1448 δὲ
755 1378 832 1467 νηια
847 1384 959 1466 δοῦρα.
1089 1399 1139 1453 225

142 1477 221 1549 οίδ’
162 1477 344 1549 ίάκέων
358 1483 407 1550 ἐνὶ
421 1509 476 1568 νηι
465 1483 646 1567 πυθοίατο
661 1487 899 1604 δειμαίνοντες·

142 1578 217 1649 οὐδ’
233 1587 269 1650 οἵ
279 1608 300 1667 γ
306 1577 405 1651 ’ὅπλ’
421 1589 519 1650 ἔλυον
533 1578 680 1670 κοίλην’
660 1580 724 1650 ανδ
737 1587 800 1670 νῆα
812 1585 983 1670 μέλαιναν,
1064 1590 1139 1669 [405]

21 1691 26 1697 '
141 1679 217 1750 οὐδ’
232 1686 328 1752 έλκον
342 1693 459 1806 λαίφος
472 1681 550 1771 νηὸς
563 1682 824 1773 κυανοπρώροιο,

141 1779 216 1851 ἀλλ’
232 1779 275 1862 ῦς
289 1781 328 1851 τά
341 1784 506 1873 πρώτιστα
519 1784 757 1873 κατεστήσαντο
770 1790 915 1873 βοεῦσιν,

141 1881 184 1963 ώς
198 1891 331 1953 ἔπλεον·
351 1884 510 1974 κραιπνὸς
525 1886 561 1954 δέ
574 1885 682 1966 Νότος
695 1885 898 1956 κατόπισθεν
913 1893 1023 1974 ἔπειγε
1087 1905 1139 1958 230

141 1991 203 2072 νῆα
217 1984 318 2074 θοήν·
340 1991 471 2075 πρώτον
486 1987 522 2055 δὲ
536 1996 778 2075 παρημείβοντο
795 1984 958 2073 Μάλειαν,

140 2085 206 2175 πάρ
217 2087 254 2154 δὲ
261 2093 440 2156 Λακωνίδα
447 2086 647 2174 γαῖανἝλός
660 2086 704 2174 τ’,
714 2097 838 2176 ἔφαλον
846 2096 1055 2176 πτολίεθρον,
1065 2094 1139 2172 [410]

141 2184 211 2269 ἷξον
224 2189 279 2255 καὶ
293 2193 401 2277 χώρου
414 2190 655 2278 τερψιμβρότου
665 2187 815 2275 Ἠελίοιο,

144 2296 326 2378 Ταίναρον,
347 2297 432 2360 ἔνθα
446 2318 482 2358 τε
496 2295 583 2378 μῆλα
596 2290 784 2379 βαθύτριχα
797 2289 952 2378 βόσκεται
964 2291 1029 2358 αίελ

137 2387 276 2458 Ἠελίοιο
292 2388 449 2477 άνακτος,
471 2399 537 2478 ἔχει
551 2389 584 2461 δ’
600 2395 775 2480 ἐπιτερπέα
789 2396 905 2480 χώρου.
1086 2409 1138 2463 2³5

139 2497 174 2559 οί
182 2492 243 2578 μὲν
256 2489 310 2581 ἄρ’
326 2490 401 2562 ἔνθ’
418 2500 537 2560 ἔθελον
551 2497 615 2581 νῆα
630 2509 721 2580 σχείν
742 2490 797 2580 ἠδ’
812 2489 995 2577 ἀποβάντες

68 2663 72 2668 ,
140 2591 353 2679 φράσσασθαι
365 2595 448 2680 μέγα
461 2597 577 2681 θαῦμα
590 2597 646 2662 καλ
659 2591 882 2682 ὀφθαλμοῖσιν
897 2598 1040 2680 ίδέσθαι,
1065 2599 1139 2678 [410]

141 2700 171 2761 εί
183 2695 291 2780 μενέει
307 2691 384 2779 νηός
397 2698 569 2780 γλαφυρῆς
588 2697 759 2763 δαπέδοισι
774 2697 934 2783 πέλωρον,

139 2790 160 2880 ἢ
174 2801 220 2871 είς
234 2791 325 2881 οἶδμ’
342 2791 437 2862 άλιον
450 2803 657 2882 πολυΐχθυον
671 2787 770 2875 αὖθις
783 2793 924 2884 ὀρούσει.

139 2891 213 2962 ἄλλ’
229 2891 269 2961 ού
284 2900 492 2981 πηδαλίοισιν
507 2900 658 2966 ἐπείθετο
671 2901 753 2984 νηῦς
768 2895 914 2984 εὐερνὴς,
1087 2915 1138 2966 040

139 2993 221 3063 άλλά
235 2997 339 3083 παρὲκ
351 2997 609 3084 Πελοπόννησον
622 3006 754 3087 πίειραν
768 3000 887 3067 ἑκοῦσα

139 3093 188 3184 ἤι’
203 3092 299 3165 ὁδόν·
320 3102 421 3186 πνοιῇ
440 3099 476 3167 δέ
490 3096 571 3182 άναξ
587 3098 739 3187 ἑκάεργος
751 3098 918 3168 Ἀπόλλων
1064 3104 1138 3184 [420]

140 3201 275 3285 ῥηιδίως
289 3195 401 3267 ἴθυν’·
422 3194 442 3285 ἡ
458 3199 493 3268 δέ
508 3199 698 3289 πρήσσουσα
712 3203 874 3269 κέλευθον
970 3275 978 3287 ,

137 3295 277 3386 Ἀρηνην
290 3305 384 3370 ἵκανε
397 3302 452 3368 καὶ
465 3297 649 3388 Ἀργυφέην
662 3300 843 3390 ἐρατεινὴν,

138 3401 192 3469 καλ
207 3401 334 3488 Θρύον,
354 3399 518 3488 Ἀλφειοῖο
532 3402 653 3491 πόρον,
677 3404 733 3471 καὶ
747 3402 896 3472 ἐύκτιτον
911 3401 1003 3471 Αίπυ
1033 3420 1037 3429 ’
1086 3417 1135 3471 245

137 3504 193 3571 καὶ
206 3501 322 3571 Πύλον
336 3500 525 3591 ἠμαθόεντα
537 3506 752 3591 Πυληγενέας
766 3500 796 3571 τ’
813 3501 1021 3593 ἀνθρώπους.
