2376 3900
101 158 142 223 98
412 174 790 227 Βευοικοιιυοαειυε.

100 330 214 420 άκροις
227 330 294 421 πὰρ
308 338 488 418 χείλεσσιυ,
510 327 594 398 ὅπου
608 328 835 417 κατάκρημνος
849 328 866 400 ὁ
879 338 1001 421 χοῖρος·

100 429 199 521 ήνίκα
215 430 248 502 δ’
263 431 464 521 ὁρμηθέντες
479 429 535 518 ἐφ’
549 429 650 519 ἡμέας
664 433 832 520 ἐξέλθωσι,
1053 456 1103 509 155

101 534 299 623 δραξάμενοι
312 534 486 620 κορύθων,
506 531 595 612 ὅστις
608 531 727 621 σχεδὸν
741 530 851 614 ἀντίος
865 543 959 626 ἔλθη,

100 640 134 717 ές
147 644 268 725 λίμνην
281 633 403 716 αὐτούς
417 636 481 705 σύν
495 639 636 715 έκείναις
650 632 736 704 εύθύ
749 635 914 724 βάλωμεν.

99 736 186 807 οὕτω
202 737 265 828 γάρ
278 742 452 820 πνίξαντες
466 741 503 807 ἐν
515 735 616 806 ὕδασι
629 735 706 816 τούς
719 733 928 826 άκολύμβους

99 838 262 929 στήσομεν
276 838 431 928 εὐθύμως
445 837 481 908 τὸ
496 838 681 928 μυοκτόνον
695 829 760 907 ὦδε
773 838 941 927 τρόπαιον.

168 939 229 1022 Ὣς
242 939 346 1012 εἶπάν
359 939 512 1012 άνέπεισε
525 948 786 1023 καθοπλίζεσθαι
800 939 956 1023 ἅπαντας.
1053 963 1104 1018 160

99 1043 237 1131 φύλλοις
250 1044 311 1132 μέν
324 1049 480 1133 μαλαχοίν
493 1042 619 1131 κνήμας
635 1041 688 1120 ἕάς
702 1039 956 1132 άμφεκάλυψαν,

7 1136 8 1140 ¹
98 1144 255 1232 θώρηκας
269 1143 302 1214 δ’
319 1145 408 1232 εἶχον
421 1149 533 1214 καλῶν
544 1148 691 1231 χλοερῶν
705 1141 769 1211 άπὸ
783 1144 941 1233 σεύτλων,

99 1246 210 1334 φύλλα
225 1247 261 1315 δέ
273 1251 341 1319 τάν
354 1251 513 1336 κραμβοὸν
527 1253 573 1325 είς
586 1244 727 1324 άσπίδας
742 1235 781 1314 εύ
793 1242 951 1334 ήσκησαυ,

99 1356 192 1435 ἔγχος
208 1345 240 1417 δ’
254 1344 442 1436 ὀξύσχοινος
456 1348 581 1439 ἑκάστῳ
595 1345 718 1435 μακρὸς
732 1345 857 1436 άρήρει,

99 1451 154 1518 καὶ
167 1447 207 1517 τά
220 1452 301 1539 κέρα
314 1455 455 1538 κοχλιῶν
467 1454 596 1519 λεπτῶν
610 1449 770 1518 ἐκάλυπτε
784 1446 920 1537 κάρηνα.
1054 1473 1102 1528 165

99 1552 301 1641 φραξάμενοι
317 1551 350 1621 δ’
366 1560 506 1640 ἔστησαν
520 1549 574 1621 ἐπ’
588 1548 692 1641 ὄχθης
705 1547 872 1639 ύψηλήσιν

99 1662 244 1734 σείοντες
256 1654 392 1741 λόγχας,
412 1659 527 1742 θυμοῦ
541 1651 575 1722 δ’
590 1653 753 1742 ἔμπληντο
768 1656 911 1732 ἕκαστος.

175 1755 259 1836 Ζεύς
275 1757 310 1825 δέ
324 1753 426 1835 θεούς
440 1760 579 1835 καλέσας
594 1763 640 1835 είς
653 1751 799 1843 ούρανὸν
812 1751 1021 1845 άστερόεντα,

98 1859 154 1926 καὶ
168 1860 313 1946 πολέμου
327 1855 463 1945 πληθύν
477 1861 585 1940 δείξας
598 1855 776 1946 κρατερούς
789 1884 825 1926 τε
840 1859 994 1946 μαχητάς,

98 1957 241 2038 πολλούς
254 1961 310 2028 καὶ
323 1957 486 2046 μεγάλους
500 1956 558 2047 ἠδ’
574 1967 669 2046 ἔγχεα
683 1956 792 2048 μακρά
806 1960 979 2047 φέροντας,
1054 1977 1101 2032 170

98 2055 166 2140 οἷος
179 2060 384 2148 Κενταύρων
397 2059 534 2151 στρατὸς
547 2069 674 2149 ἔρχεται
691 2057 749 2149 ήδέ
763 2059 947 2148 Γιγάντων,

97 2159 163 2250 ήδύ
175 2167 283 2249 γελῶν
298 2165 436 2252 ἐρέεινε·
455 2170 543 2243 τίνες
557 2162 771 2253 βατράχοισιν
784 2158 907 2250 άρωγολ

97 2259 120 2352 ἢ
136 2265 236 2351 μυσὶν
250 2261 446 2346 άθανάτων;
467 2267 522 2334 καὶ
534 2263 716 2353 Ἀθηναίην
729 2267 939 2352 προσέειπεν·

169 2356 210 2432 Ὠ
223 2366 389 2456 θύγατερ,
408 2368 509 2454 μυσὶν
522 2358 544 2454 ή
557 2371 599 2455 βα
613 2365 826 2455 βοηθήσουσα
840 2364 1005 2454 πορεύσης

97 2469 154 2535 καὶ
167 2467 230 2554 γάρ
246 2490 308 2537 σου
321 2466 404 2537 κατὰ
417 2464 501 2556 νηὸν
514 2465 566 2537 άεί
578 2473 756 2558 σκιρτοῑσιν
770 2465 913 2546 ἅπαντες
1052 2483 1101 2539 175

99 2578 215 2656 κνίσση
230 2570 425 2658 τερπόμενοι
439 2571 495 2639 καὶ
509 2573 662 2660 έδέσμασμ
676 2575 947 2640 παντοδαποῖσιν.
1108 2650 1112 2663 s

167 2665 228 2749 Ὣς
241 2667 297 2758 ἄρ’
312 2679 375 2759 ἔφη
389 2675 572 2758 Κρονίδης·
593 2671 651 2742 τὸν
666 2673 702 2742 δὲ
715 2673 913 2761 προσέειπεν
924 2667 1047 2760 Ἀθήνη
1055 2690 1068 2741 ·.

93 2761 133 2839 Ὠ
147 2771 268 2860 πάτερ,
289 2770 351 2841 ούκ
366 2769 408 2840 άν
421 2770 550 2842 πώποτ’
565 2772 629 2861 έγοδ
643 2776 723 2864 μυσὶ
736 2775 975 2861 τειρομένοισιν

98 2877 235 2961 έλθοίην
248 2872 434 2962 ἐπαρωγὸς,
457 2877 528 2944 ἐπεὶ
540 2874 625 2944 κακά
639 2873 745 2945 πολλά
758 2872 795 2964 μ’
811 2881 931 2962 ἔοργαν

97 2977 263 3062 στέμματα
277 2975 478 3062 βλάπτοντες
493 2979 549 3046 καὶ
563 2973 705 3064 λύχνους
716 2973 819 3046 εἵνεκ’
835 2979 956 3044 ἐλαίου.
1052 2991 1102 3046 180

97 3081 193 3144 τούτο
208 3080 248 3146 δέ
258 3105 323 3166 μου
336 3086 412 3166 λίην
427 3083 525 3149 ἔδακε
538 3080 678 3166 φρένας,
700 3074 773 3148 οἷον
787 3081 910 3166 ἔρεξαν.

97 3181 224 3249 πέπλον
237 3207 302 3266 μου
315 3183 539 3268 κατέτρωξαν,
561 3176 601 3248 δν
614 3179 762 3269 έξύφανα
775 3183 927 3268 καμοῦσα

99 3283 133 3350 ἔκ
147 3279 291 3369 βοδάνης
304 3287 423 3371 λεπτής
436 3282 491 3350 καὶ
505 3279 650 3368 στήμονα
663 3281 783 3353 λεπτὸν
797 3290 909 3369 ἔνησα,

98 3389 114 3422 *
126 3385 181 3452 καὶ
195 3382 342 3472 τρύγλας
355 3385 546 3453 ἐτέλεσσαν·
567 3378 584 3451 ὁ
599 3381 632 3451 δ’
648 3381 773 3472 ήπητής
786 3412 841 3472 μοι
856 3383 976 3468 ἐπέστη

86 3486 148 3550 καί
161 3484 304 3569 πράσσει
317 3512 361 3573 με
374 3482 489 3553 τόκον·
510 3482 546 3553 τὸ
561 3485 597 3553 δὲ
612 3489 723 3574 ῥίγιον
734 3483 963 3556 άθανάτοισιν.
1051 3497 1100 3553 185
