2376 3900
393 649 752 743 PRAEFATIO.

155 902 216 980 Qui
232 903 346 962 factum
360 905 408 977 sit,
425 912 459 962 ut
472 906 551 962 inter
567 911 612 962 tot
623 911 784 983 tantosque
796 904 877 963 viros
890 903 1003 978 doctos,
1022 911 1072 984 qui

70 988 248 1046 Homericos
263 1007 331 1047 sese
348 988 541 1066 profitentur,
566 1007 621 1064 ego
637 988 823 1066 potissimum
838 991 1019 1047 accesserim
1034 990 1074 1048 ad

69 1070 257 1130 recensenda
281 1072 358 1130 haec
382 1067 529 1145 carmina,
558 1091 635 1149 quae
659 1072 684 1130 si
704 1073 802 1130 minus
825 1073 919 1149 ipsius
939 1073 1073 1146 Homeri,

71 1165 170 1213 tamen
192 1155 375 1214 Homericae
394 1156 481 1233 poesi
508 1163 538 1214 et
562 1162 738 1232 argumento
762 1163 792 1214 et
817 1155 938 1214 dicendi
961 1176 1074 1233 genere

70 1238 220 1297 habentur
233 1240 381 1318 proxima,
397 1240 503 1318 paucis
520 1239 633 1298 attinet·
644 1239 807 1316 explicare.
852 1240 932 1298 Nam
947 1239 1019 1298 inde
1035 1239 1073 1298 ab

70 1322 122 1380 illo
139 1330 289 1399 tempore,
307 1342 367 1402 quo
383 1323 492 1381 almam
509 1320 672 1399 Georgiam
687 1323 857 1400 Augustam
875 1323 952 1394 adii,
974 1322 1072 1382 Frid.

71 1405 170 1465 Guil.
197 1405 528 1466 Schneidewinum
551 1426 624 1484 prae
655 1406 763 1465 ceteris
786 1415 894 1465 nactus
921 1426 985 1466 sum
1011 1427 1073 1465 mo·

70 1488 238 1548 deratorem
261 1490 426 1549 studiorum
445 1489 712 1568 prudentissimum
732 1498 764 1549 et
778 1491 809 1548 in
824 1510 871 1549 me
887 1491 1072 1549 benevolen-

69 1574 230 1648 tissimum,
259 1574 311 1653 qui
332 1583 362 1633 et
383 1575 514 1653 publicis
539 1574 808 1632 exercitationibus
831 1583 861 1633 et
888 1574 1074 1633 sermonibus

70 1657 242 1716 domesticis
253 1660 343 1717 miros
359 1656 504 1737 quosdam
515 1655 564 1734 (ut
575 1656 627 1715 ille
640 1657 698 1732 ait)
711 1677 827 1716 amores
838 1657 912 1715 mihi
928 1658 1075 1716 excitavit

69 1741 208 1811 Homeri,
228 1742 337 1819 capitis
353 1762 389 1800 ae
405 1742 498 1800 fontis
515 1740 702 1813 Graecarum
720 1742 901 1813 litterarum,
923 1748 1015 1819 atque
1035 1739 1077 1814 ad¹

68 1823 149 1883 hunc
176 1826 283 1884 iterum
309 1826 478 1903 iterumque
504 1823 694 1882 tractandum
723 1832 756 1882 ut
785 1844 832 1883 me
859 1833 1073 1895 converterem,

69 1916 173 1967 auctor
190 1907 247 1966 fuit
261 1910 466 1985 gravissimus.
496 1909 537 1966 Et
552 1927 641 1987 quam
656 1908 831 1967 disserendo
846 1908 971 1966 tradidit
983 1907 1072 1966 disci·

68 1992 147 2069 pulis
163 1994 401 2071 monstravitque
419 1993 514 2066 viam,
540 2011 599 2070 qua
622 2000 703 2050 esset
725 1992 757 2049 in
779 1991 826 2049 his
843 1991 950 2050 studiis
973 1993 1072 2067 ingre·

69 2075 227 2148 diendnm,
252 2095 318 2135 eam
341 2078 406 2154 ipse
430 2076 569 2153 exemplo
592 2076 723 2152 praeivit
745 2075 959 2154 doctrinaeque
981 2074 1071 2133 docu-

67 2167 171 2217 menta
191 2160 347 2237 proposuit
368 2160 607 2218 luculentissima
634 2159 934 2217 commentationibus
956 2157 1073 2217 duabus

69 2241 108 2300 de
122 2242 242 2321 hymnis
253 2243 424 2302 Homericis
438 2243 616 2321 conscriptis
632 2241 743 2318 (altera
755 2243 868 2300 inserta
878 2241 992 2301 Studiis
1000 2241 1072 2301 Got-

68 2324 255 2402 tingensibus
276 2346 304 2384 a.
321 2335 386 2389 1847
403 2326 507 2398 editis,
528 2326 624 2385 altera
645 2325 800 2401 Philologi
816 2326 884 2383 Vol.
898 2323 970 2401 ΙΙΙ).
1016 2323 1074 2382 Cui

68 2410 133 2468 viro
161 2411 283 2488 egregie
309 2410 346 2468 de
369 2430 417 2469 me
442 2411 548 2469 merito
571 2417 715 2488 quantum
741 2406 853 2467 debere
876 2428 923 2466 me
945 2408 1074 2466 sentiam

69 2513 159 2573 quum
178 2513 279 2552 coram
296 2495 377 2572 ipso,
401 2493 470 2552 dum
492 2493 523 2553 in
538 2493 616 2553 vivis
634 2501 713 2564 erat,
735 2512 888 2571 nunquam
905 2491 1073 2552 dissimula-

69 2578 178 2648 verim,
199 2597 238 2636 ne
255 2597 307 2637 eos
323 2576 445 2657 quidem
461 2578 512 2657 qui
529 2577 605 2635 haec
619 2577 728 2635 lecturi
745 2578 806 2635 sint
822 2579 962 2654 ignorare
980 2576 1072 2634 volui.

69 2660 132 2720 Sed
149 2671 256 2720 exacto
275 2659 474 2739 quadriennio
489 2669 689 2740 posteaquam
704 2661 809 2738 spatiis
826 2659 1012 2719 Academiae
1026 2679 1072 2717 re·

67 2745 148 2802 lictis
165 2752 406 2823 praeparatoque
421 2746 530 2803 itinere
541 2743 659 2803 Graeco
674 2745 790 2803 accessi
807 2742 846 2802 ad
859 2743 929 2802 loca
940 2744 995 2801 illa
1008 2763 1074 2800 cum

67 2829 200 2905 ipsorum
221 2829 402 2888 amoenitate
426 2829 604 2905 conspicua,
627 2836 690 2886 tum
712 2829 833 2886 summis
848 2827 937 2886 rebus
951 2845 1006 2905 per
1021 2826 1060 2885 tri

68 2913 152 2987 ginta
164 2913 287 2971 saecula
299 2913 392 2989 gestis
400 2912 569 2983 nobilitata,
580 2931 641 2970 non
651 2913 804 2970 immemor
814 2910 956 2990 equidem
967 2911 1074 2969 summi

67 3003 186 3071 poetae,
204 2997 289 3073 cujus
303 2996 405 3055 nullus
421 3016 516 3070 mons,
534 2996 636 3055 nullus
646 2997 729 3054 rivus
745 3014 792 3054 me
808 3015 869 3053 non
882 2994 1072 3064 admonebat,

69 3086 99 3136 et
113 3078 242 3138 Iliadem
259 3080 430 3139 memoriter
445 3080 589 3152 recitavi,
612 3100 703 3159 quum
719 3099 824 3156 agrum
838 3079 1006 3155 Trojanum
1028 3080 1072 3136 in-

67 3162 198 3222 viserem
215 3162 447 3244 Achilleumque
465 3165 611 3224 tumulum
627 3163 850 3243 adequitarem,
874 3171 904 3222 et
920 3163 951 3221 in
966 3163 1073 3239 Aegeo

68 3246 183 3304 insulas
204 3247 433 3307 circumvehens
448 3247 550 3307 Ulixis
573 3267 686 3307 errores
704 3249 747 3306 ita
763 3248 874 3323 relegi,
899 3255 933 3304 ut
948 3266 1010 3305 non
1025 3264 1072 3303 se·

68 3330 128 3388 mel
140 3329 178 3388 ad
190 3350 349 3407 vesperam
358 3330 442 3390 unda
451 3340 543 3390 vento
554 3333 659 3428 exegit
646 3339 710 3390 tata
711 3330 879 3473 exemplar
891 3329 973 3408 quod
983 3347 1072 3386 mann

68 3414 210 3472 tenebam
224 3414 288 3473 sale
285 3433 377 3512 puro
392 3422 620 3511 conspergeret
644 3403 720 3489 ἀμφὶ
743 3410 775 3473 δὲ
791 3414 871 3488 κῦμα
887 3412 986 3492 στείρῃ
1001 3429 1073 3479 πορ-

65 3515 178 3576 φυρεον
192 3487 329 3574 μεγάλη
312 3517 375 3574 ιαχε
390 3486 461 3572 νηὸς
476 3491 583 3574 ἰούσης.
625 3497 690 3558 Sed
710 3499 786 3557 dum
801 3497 1005 3554 illudsohum
1021 3494 1087 3543 osn-
