<?xml version="1.0" encoding="UTF-8"?>
<!DOCTYPE html PUBLIC "-//W3C//DTD XHTML 1.0 Transitional//EN"
    "http://www.w3.org/TR/xhtml1/DTD/xhtml1-transitional.dtd">
<html xmlns="http://www.w3.org/1999/xhtml" xml:lang="en" lang="en">
 <head>
  <title>
</title>
<meta http-equiv="Content-Type" content="text/html;charset=utf-8" />
  <meta name='ocr-system' content='tesseract 3.04.00' />
  <meta name='ocr-capabilities' content='ocr_page ocr_carea ocr_par ocr_line ocrx_word'/>
</head>
<body>
  <div class='ocr_page' id='page_1' title='image "./hymnihomericiac00baumgoog_0027.png"; bbox 0 0 2376 3900; ppageno 0'>
   <div class='ocr_carea' id='block_1_1' title="bbox 79 211 830 278">
    <p class='ocr_par' dir='ltr' id='par_1_1' title="bbox 79 211 830 278">
     <span class='ocr_line' id='line_1_1' title="bbox 79 211 830 278; baseline 0.004 -6"><span class='ocrx_word' id='word_1_1' title='bbox 79 211 98 272; x_wconf 88' lang='lat'><strong>6</strong></span> <span class='ocrx_word' id='word_1_2' title='bbox 332 228 354 277; x_wconf 92' lang='lat'><strong><em>1.</em></strong></span> <span class='ocrx_word' id='word_1_3' title='bbox 378 226 440 276; x_wconf 77' lang='grc' dir='ltr'><strong><em>ΕΙΣ</em></strong></span> <span class='ocrx_word' id='word_1_4' title='bbox 458 224 662 278; x_wconf 73' lang='grc' dir='ltr'><strong><em>εωοεεεεεω</em></strong></span> <span class='ocrx_word' id='word_1_5' title='bbox 680 226 830 278; x_wconf 75' lang='grc' dir='ltr'><strong><em>Διῐεεοα.</em></strong></span> 
     </span>
    </p>
   </div>
   <div class='ocr_carea' id='block_1_2' title="bbox 44 377 1082 3421">
    <p class='ocr_par' dir='ltr' id='par_1_2' title="bbox 79 377 945 469">
     <span class='ocr_line' id='line_1_2' title="bbox 79 377 945 469; baseline 0.003 -22"><span class='ocrx_word' id='word_1_6' title='bbox 79 378 190 469; x_wconf 84' lang='grc' dir='ltr'><strong><em>βωμὸς</em></strong></span> <span class='ocrx_word' id='word_1_7' title='bbox 203 381 261 451; x_wconf 80' lang='grc' dir='ltr'><strong><em>καὶ</em></strong></span> <span class='ocrx_word' id='word_1_8' title='bbox 277 381 427 466; x_wconf 87' lang='grc' dir='ltr'><strong><em>τέμενος,</em></strong></span> <span class='ocrx_word' id='word_1_9' title='bbox 447 387 530 449; x_wconf 82' lang='grc' dir='ltr'><strong><em>τίσει</em></strong></span> <span class='ocrx_word' id='word_1_10' title='bbox 544 385 583 449; x_wconf 89' lang='grc' dir='ltr'><strong><em>δέ</em></strong></span> <span class='ocrx_word' id='word_1_11' title='bbox 593 384 633 448; x_wconf 89' lang='grc' dir='ltr'><strong><em>σέ</em></strong></span> <span class='ocrx_word' id='word_1_12' title='bbox 643 377 678 468; x_wconf 82' lang='grc' dir='ltr'><strong><em>χ’</em></strong></span> <span class='ocrx_word' id='word_1_13' title='bbox 695 385 787 468; x_wconf 81' lang='grc' dir='ltr'><em>ἔξοχα</em></span> <span class='ocrx_word' id='word_1_14' title='bbox 802 380 945 450; x_wconf 88' lang='grc' dir='ltr'><strong><em>πάντων.</em></strong></span> 
     </span>
    </p>

    <p class='ocr_par' dir='ltr' id='par_1_3' title="bbox 76 480 1082 1389">
     <span class='ocr_line' id='line_1_3' title="bbox 158 480 1041 571; baseline 0.002 -21"><span class='ocrx_word' id='word_1_15' title='bbox 158 480 271 570; x_wconf 86' lang='grc' dir='ltr'><strong><em>Αύτάρ</em></strong></span> <span class='ocrx_word' id='word_1_16' title='bbox 286 485 360 551; x_wconf 86' lang='grc' dir='ltr'><strong><em>ἐπεί</em></strong></span> <span class='ocrx_word' id='word_1_17' title='bbox 371 480 403 570; x_wconf 83' lang='grc' dir='ltr'><strong><em>ῥ’</em></strong></span> <span class='ocrx_word' id='word_1_18' title='bbox 419 480 538 570; x_wconf 85' lang='grc' dir='ltr'><strong><em>όμοσέν</em></strong></span> <span class='ocrx_word' id='word_1_19' title='bbox 551 509 586 550; x_wconf 93' lang='grc' dir='ltr'><strong><em>τε</em></strong></span> <span class='ocrx_word' id='word_1_20' title='bbox 599 482 793 570; x_wconf 79' lang='grc' dir='ltr'><strong><em>τελεύτησέν</em></strong></span> <span class='ocrx_word' id='word_1_21' title='bbox 806 511 841 551; x_wconf 89' lang='grc' dir='ltr'><strong><em>τε</em></strong></span> <span class='ocrx_word' id='word_1_22' title='bbox 855 481 913 552; x_wconf 91' lang='grc' dir='ltr'><strong><em>τδν</em></strong></span> <span class='ocrx_word' id='word_1_23' title='bbox 928 481 1041 571; x_wconf 80' lang='grc' dir='ltr'><strong><em>ὅρκον,</em></strong></span> 
     </span>
     <span class='ocr_line' id='line_1_4' title="bbox 79 581 1082 673; baseline 0.003 -21"><span class='ocrx_word' id='word_1_24' title='bbox 79 589 188 672; x_wconf 88' lang='grc' dir='ltr'><strong><em>Δήλος</em></strong></span> <span class='ocrx_word' id='word_1_25' title='bbox 201 585 262 673; x_wconf 77' lang='grc' dir='ltr'><strong><em>μέν</em></strong></span> <span class='ocrx_word' id='word_1_26' title='bbox 275 583 361 671; x_wconf 91' lang='grc' dir='ltr'><strong><em>μάλα</em></strong></span> <span class='ocrx_word' id='word_1_27' title='bbox 374 601 467 672; x_wconf 79' lang='grc' dir='ltr'><strong><em>χαῖρε</em></strong></span> <span class='ocrx_word' id='word_1_28' title='bbox 481 589 574 673; x_wconf 77' lang='grc' dir='ltr'><strong><em>φωνή</em></strong></span> <span class='ocrx_word' id='word_1_29' title='bbox 587 582 714 654; x_wconf 80' lang='grc' dir='ltr'><strong><em>ἑκάτοιο</em></strong></span> <span class='ocrx_word' id='word_1_30' title='bbox 729 581 886 665; x_wconf 93' lang='grc' dir='ltr'><strong><em>ἄνακτος·</em></strong></span> <span class='ocrx_word' id='word_1_31' title='bbox 1045 602 1082 658; x_wconf 84' lang='grc'><strong><em>90</em></strong></span> 
     </span>
     <span class='ocr_line' id='line_1_5' title="bbox 79 683 913 776; baseline 0.004 -22"><span class='ocrx_word' id='word_1_32' title='bbox 79 685 175 774; x_wconf 74' lang='grc' dir='ltr'><strong><em>Λητὼ</em></strong></span> <span class='ocrx_word' id='word_1_33' title='bbox 191 683 225 754; x_wconf 90' lang='grc' dir='ltr'><strong><em>δ’</em></strong></span> <span class='ocrx_word' id='word_1_34' title='bbox 240 687 385 776; x_wconf 86' lang='grc' dir='ltr'><strong><em>έννήμάρ</em></strong></span> <span class='ocrx_word' id='word_1_35' title='bbox 400 714 435 754; x_wconf 94' lang='grc' dir='ltr'><strong><em>τε</em></strong></span> <span class='ocrx_word' id='word_1_36' title='bbox 448 689 504 755; x_wconf 82' lang='grc' dir='ltr'><strong><em>καὶ</em></strong></span> <span class='ocrx_word' id='word_1_37' title='bbox 517 688 613 756; x_wconf 90' lang='grc' dir='ltr'><strong><em>έννέα</em></strong></span> <span class='ocrx_word' id='word_1_38' title='bbox 627 685 749 766; x_wconf 91' lang='grc' dir='ltr'><strong><em>νύκτας</em></strong></span> <span class='ocrx_word' id='word_1_39' title='bbox 763 683 913 767; x_wconf 77' lang='grc' dir='ltr'><strong><em>ἀέλπτοις</em></strong></span> 
     </span>
     <span class='ocr_line' id='line_1_6' title="bbox 79 785 905 878; baseline 0.001 -21"><span class='ocrx_word' id='word_1_40' title='bbox 79 785 233 858; x_wconf 80' lang='grc' dir='ltr'><strong><em>ύδίνεσσι</em></strong></span> <span class='ocrx_word' id='word_1_41' title='bbox 246 791 401 878; x_wconf 79' lang='grc' dir='ltr'><strong><em>πέπαρτο.</em></strong></span> <span class='ocrx_word' id='word_1_42' title='bbox 427 790 506 857; x_wconf 78' lang='grc' dir='ltr'><strong><em>θεαί</em></strong></span> <span class='ocrx_word' id='word_1_43' title='bbox 520 786 553 857; x_wconf 86' lang='grc' dir='ltr'><strong><em>δ’</em></strong></span> <span class='ocrx_word' id='word_1_44' title='bbox 570 796 648 857; x_wconf 83' lang='grc' dir='ltr'><strong><em>έσαν</em></strong></span> <span class='ocrx_word' id='word_1_45' title='bbox 662 794 780 858; x_wconf 81' lang='grc' dir='ltr'><strong><em>ἔνδοθι</em></strong></span> <span class='ocrx_word' id='word_1_46' title='bbox 794 793 905 875; x_wconf 77' lang='grc' dir='ltr'><strong><em>παῖσαι,</em></strong></span> 
     </span>
     <span class='ocr_line' id='line_1_7' title="bbox 78 886 756 978; baseline 0.001 -20"><span class='ocrx_word' id='word_1_47' title='bbox 78 889 173 959; x_wconf 79' lang='grc' dir='ltr'><strong><em>ὅσσαι</em></strong></span> <span class='ocrx_word' id='word_1_48' title='bbox 191 888 320 978; x_wconf 77' lang='grc' dir='ltr'><strong><em>ἄρισται</em></strong></span> <span class='ocrx_word' id='word_1_49' title='bbox 334 898 422 975; x_wconf 87' lang='grc' dir='ltr'><strong><em>έασι,</em></strong></span> <span class='ocrx_word' id='word_1_50' title='bbox 444 886 560 978; x_wconf 84' lang='grc' dir='ltr'><strong><em>Διω’νη</em></strong></span> <span class='ocrx_word' id='word_1_51' title='bbox 573 917 608 958; x_wconf 92' lang='grc' dir='ltr'><strong><em>τε</em></strong></span> <span class='ocrx_word' id='word_1_52' title='bbox 623 887 707 977; x_wconf 82' lang='grc' dir='ltr'><em>Ῥείη</em></span> <span class='ocrx_word' id='word_1_53' title='bbox 720 918 756 959; x_wconf 89' lang='grc' dir='ltr'><strong><em>τε</em></strong></span> 
     </span>
     <span class='ocr_line' id='line_1_8' title="bbox 76 989 831 1081; baseline -0.001 -20"><span class='ocrx_word' id='word_1_54' title='bbox 76 990 195 1080; x_wconf 84' lang='grc' dir='ltr'><strong><em>Ἰχναίη</em></strong></span> <span class='ocrx_word' id='word_1_55' title='bbox 208 1020 243 1060; x_wconf 90' lang='grc' dir='ltr'><strong><em>τε</em></strong></span> <span class='ocrx_word' id='word_1_56' title='bbox 258 995 358 1079; x_wconf 82' lang='grc' dir='ltr'><strong><em>Θέμις</em></strong></span> <span class='ocrx_word' id='word_1_57' title='bbox 371 993 426 1060; x_wconf 79' lang='grc' dir='ltr'><strong><em>καὶ</em></strong></span> <span class='ocrx_word' id='word_1_58' title='bbox 439 989 618 1079; x_wconf 78' lang='grc' dir='ltr'><strong><em>ἀγάστονος</em></strong></span> <span class='ocrx_word' id='word_1_59' title='bbox 629 989 831 1081; x_wconf 78' lang='grc' dir='ltr'><strong><em>Ἀμφιτρίτη,</em></strong></span> 
     </span>
     <span class='ocr_line' id='line_1_9' title="bbox 78 1090 1081 1182; baseline 0.003 -20"><span class='ocrx_word' id='word_1_60' title='bbox 78 1093 174 1162; x_wconf 91' lang='grc' dir='ltr'><strong><em>ἄλλαι</em></strong></span> <span class='ocrx_word' id='word_1_61' title='bbox 187 1090 219 1161; x_wconf 92' lang='grc' dir='ltr'><strong><em>τ’</em></strong></span> <span class='ocrx_word' id='word_1_62' title='bbox 234 1091 416 1179; x_wconf 75' lang='grc' dir='ltr'><strong><em>ἀθάναται,</em></strong></span> <span class='ocrx_word' id='word_1_63' title='bbox 437 1092 559 1182; x_wconf 87' lang='grc' dir='ltr'><strong><em>νόσφιν</em></strong></span> <span class='ocrx_word' id='word_1_64' title='bbox 572 1092 906 1182; x_wconf 86' lang='grc' dir='ltr'><strong><em>λευκωλένουἭρης·</em></strong></span> <span class='ocrx_word' id='word_1_65' title='bbox 1047 1111 1081 1165; x_wconf 77' lang='grc'><strong><em>95</em></strong></span> 
     </span>
     <span class='ocr_line' id='line_1_10' title="bbox 77 1192 1079 1285; baseline 0.005 -23"><span class='ocrx_word' id='word_1_66' title='bbox 77 1195 184 1283; x_wconf 80' lang='grc' dir='ltr'><strong><em>μούνη</em></strong></span> <span class='ocrx_word' id='word_1_67' title='bbox 200 1192 233 1262; x_wconf 86' lang='grc' dir='ltr'><strong><em>δ’</em></strong></span> <span class='ocrx_word' id='word_1_68' title='bbox 249 1193 309 1263; x_wconf 89' lang='grc' dir='ltr'><strong><em>ούκ</em></strong></span> <span class='ocrx_word' id='word_1_69' title='bbox 323 1198 485 1264; x_wconf 87' lang='grc' dir='ltr'><strong><em>έπέπυστο</em></strong></span> <span class='ocrx_word' id='word_1_70' title='bbox 498 1195 696 1285; x_wconf 78' lang='grc' dir='ltr'><strong><em>μογοστόκος</em></strong></span> <span class='ocrx_word' id='word_1_71' title='bbox 709 1203 904 1266; x_wconf 77' lang='grc' dir='ltr'><strong><em>Εἰλείθυια·</em></strong></span> <span class='ocrx_word' id='word_1_72' title='bbox 1046 1211 1079 1267; x_wconf 87' lang='grc'><strong><em>97</em></strong></span> 
     </span>
     <span class='ocr_line' id='line_1_11' title="bbox 77 1287 942 1389; baseline 0.005 -25"><span class='ocrx_word' id='word_1_73' title='bbox 77 1287 156 1384; x_wconf 85' lang='grc' dir='ltr'><strong><em>ήστο</em></strong></span> <span class='ocrx_word' id='word_1_74' title='bbox 169 1295 232 1384; x_wconf 79' lang='grc' dir='ltr'><strong><em>γάρ</em></strong></span> <span class='ocrx_word' id='word_1_75' title='bbox 247 1295 337 1388; x_wconf 81' lang='grc' dir='ltr'><strong><em>ἄκρφ</em></strong></span> <span class='ocrx_word' id='word_1_76' title='bbox 348 1294 501 1389; x_wconf 78' lang='grc' dir='ltr'><strong><em>Ὀλύμπῳ</em></strong></span> <span class='ocrx_word' id='word_1_77' title='bbox 514 1294 580 1367; x_wconf 85' lang='grc' dir='ltr'><strong><em>ύπδ</em></strong></span> <span class='ocrx_word' id='word_1_78' title='bbox 594 1300 760 1386; x_wconf 81' lang='grc' dir='ltr'><strong><em>χρυσέοισι</em></strong></span> <span class='ocrx_word' id='word_1_79' title='bbox 774 1301 942 1385; x_wconf 83' lang='grc' dir='ltr'><strong><em>νέφεσσιν,</em></strong></span> 
     </span>
    </p>

    <p class='ocr_par' dir='ltr' id='par_1_4' title="bbox 69 1395 1080 1691">
     <span class='ocr_line' id='line_1_12' title="bbox 69 1395 868 1489; baseline 0.001 -22"><span class='ocrx_word' id='word_1_80' title='bbox 69 1395 174 1488; x_wconf 87' lang='grc' dir='ltr'><strong><em>Ἥρης</em></strong></span> <span class='ocrx_word' id='word_1_81' title='bbox 188 1398 406 1488; x_wconf 89' lang='grc' dir='ltr'><strong><em>φραδμοσύνη</em></strong></span> <span class='ocrx_word' id='word_1_82' title='bbox 419 1402 644 1485; x_wconf 89' lang='grc' dir='ltr'><strong><em>λευκωλένου,</em></strong></span> <span class='ocrx_word' id='word_1_83' title='bbox 665 1396 687 1487; x_wconf 89' lang='grc' dir='ltr'><strong><em>ή</em></strong></span> <span class='ocrx_word' id='word_1_84' title='bbox 699 1427 758 1486; x_wconf 93' lang='grc' dir='ltr'><strong><em>μιν</em></strong></span> <span class='ocrx_word' id='word_1_85' title='bbox 771 1407 868 1489; x_wconf 82' lang='grc' dir='ltr'><strong><em>ἔρυκε</em></strong></span> 
     </span>
     <span class='ocr_line' id='line_1_13' title="bbox 78 1497 1080 1590; baseline 0.003 -21"><span class='ocrx_word' id='word_1_86' title='bbox 78 1499 255 1589; x_wconf 80' lang='grc' dir='ltr'><strong><em>ζηλοσύνη,</em></strong></span> <span class='ocrx_word' id='word_1_87' title='bbox 275 1498 327 1569; x_wconf 83' lang='grc' dir='ltr'><strong><em>ὅτ’</em></strong></span> <span class='ocrx_word' id='word_1_88' title='bbox 342 1498 397 1589; x_wconf 87' lang='grc' dir='ltr'><strong><em>ἄρ’</em></strong></span> <span class='ocrx_word' id='word_1_89' title='bbox 411 1500 486 1570; x_wconf 92' lang='grc' dir='ltr'><strong><em>υίδν</em></strong></span> <span class='ocrx_word' id='word_1_90' title='bbox 498 1497 651 1590; x_wconf 86' lang='grc' dir='ltr'><strong><em>ἀμύμονά</em></strong></span> <span class='ocrx_word' id='word_1_91' title='bbox 664 1527 701 1569; x_wconf 88' lang='grc' dir='ltr'><strong><em>τε</em></strong></span> <span class='ocrx_word' id='word_1_92' title='bbox 713 1501 875 1590; x_wconf 89' lang='grc' dir='ltr'><strong><em>κρατερόν</em></strong></span> <span class='ocrx_word' id='word_1_93' title='bbox 889 1530 924 1572; x_wconf 95' lang='grc' dir='ltr'><strong><em>τε</em></strong></span> <span class='ocrx_word' id='word_1_94' title='bbox 1027 1521 1080 1572; x_wconf 83' lang='grc'><strong><em>100</em></strong></span> 
     </span>
     <span class='ocr_line' id='line_1_14' title="bbox 77 1599 855 1691; baseline 0.005 -22"><span class='ocrx_word' id='word_1_95' title='bbox 77 1601 174 1690; x_wconf 75' lang='grc' dir='ltr'><strong><em>Λητὼ</em></strong></span> <span class='ocrx_word' id='word_1_96' title='bbox 187 1606 338 1685; x_wconf 75' lang='grc' dir='ltr'><strong><em>τέξεσθαι</em></strong></span> <span class='ocrx_word' id='word_1_97' title='bbox 352 1601 613 1691; x_wconf 88' lang='grc' dir='ltr'><strong><em>καλλιπλόκαμος</em></strong></span> <span class='ocrx_word' id='word_1_98' title='bbox 624 1599 695 1671; x_wconf 88' lang='grc' dir='ltr'><strong><em>τότ’</em></strong></span> <span class='ocrx_word' id='word_1_99' title='bbox 710 1609 855 1691; x_wconf 80' lang='grc' dir='ltr'><strong><em>ἔμελλεν.</em></strong></span> 
     </span>
    </p>

    <p class='ocr_par' dir='ltr' id='par_1_5' title="bbox 71 1696 1079 2200">
     <span class='ocr_line' id='line_1_15' title="bbox 153 1696 981 1795; baseline 0.001 -20"><span class='ocrx_word' id='word_1_100' title='bbox 153 1714 200 1774; x_wconf 62' lang='lat' dir='ltr'><strong><em>At</em></strong></span> <span class='ocrx_word' id='word_1_101' title='bbox 212 1702 244 1775; x_wconf 90' lang='grc' dir='ltr'><strong><em>δ’</em></strong></span> <span class='ocrx_word' id='word_1_102' title='bbox 253 1696 334 1793; x_wconf 74' lang='grc' dir='ltr'><strong><em>Ἶριν</em></strong></span> <span class='ocrx_word' id='word_1_103' title='bbox 347 1703 568 1794; x_wconf 80' lang='grc' dir='ltr'><strong><em>προύπεμψαν</em></strong></span> <span class='ocrx_word' id='word_1_104' title='bbox 583 1705 775 1793; x_wconf 84' lang='grc' dir='ltr'><strong><em>έύκτιμένης</em></strong></span> <span class='ocrx_word' id='word_1_105' title='bbox 788 1702 852 1775; x_wconf 89' lang='grc' dir='ltr'><strong><em>άπδ</em></strong></span> <span class='ocrx_word' id='word_1_106' title='bbox 866 1705 981 1795; x_wconf 85' lang='grc' dir='ltr'><strong><em>νήσου,</em></strong></span> 
     </span>
     <span class='ocr_line' id='line_1_16' title="bbox 76 1802 911 1927; baseline 0.002 -53.057"><span class='ocrx_word' id='word_1_107' title='bbox 76 1802 194 1927; x_wconf 84' lang='grc' dir='ltr'><strong><em>ἀξέμεν</em></strong></span> <span class='ocrx_word' id='word_1_108' title='bbox 206 1814 405 1875; x_wconf 82' lang='grc' dir='ltr'><strong><em>Εἰλείθυιαν</em></strong></span> <span class='ocrx_word' id='word_1_109' title='bbox 412 1804 665 1893; x_wconf 79' lang='grc' dir='ltr'><strong><em>,ὑποσχόμεναι</em></strong></span> <span class='ocrx_word' id='word_1_110' title='bbox 678 1804 817 1894; x_wconf 73' lang='grc' dir='ltr'><strong><em>μέχαν”</em></strong></span> <span class='ocrx_word' id='word_1_111' title='bbox 797 1834 911 1896; x_wconf 91' lang='grc' dir='ltr'><strong><em>ορμον,</em></strong></span> 
     </span>
     <span class='ocr_line' id='line_1_17' title="bbox 44 1904 889 2029; baseline 0.004 -55.101"><span class='ocrx_word' id='word_1_112' title='bbox 44 1907 231 2029; x_wconf 86' lang='grc' dir='ltr'><strong><em>χρύσεον,</em></strong></span> <span class='ocrx_word' id='word_1_113' title='bbox 253 1904 458 2029; x_wconf 80' lang='grc' dir='ltr'><strong><em>ήλέκτροισιν</em></strong></span> <span class='ocrx_word' id='word_1_114' title='bbox 472 1911 643 1997; x_wconf 91' lang='grc' dir='ltr'><strong><em>έερμένον,</em></strong></span> <span class='ocrx_word' id='word_1_115' title='bbox 665 1908 889 1996; x_wconf 78' lang='grc' dir='ltr'><strong><em>ἐννεάπηχυν·</em></strong></span> 
     </span>
     <span class='ocr_line' id='line_1_18' title="bbox 44 2005 1079 2099; baseline 0.005 -22.16"><span class='ocrx_word' id='word_1_116' title='bbox 44 2008 197 2096; x_wconf 89' lang='grc' dir='ltr'><strong><em>νόσφιν</em></strong></span> <span class='ocrx_word' id='word_1_117' title='bbox 212 2005 280 2077; x_wconf 73' lang='grc' dir='ltr'><strong><em>δ”’</em></strong></span> <span class='ocrx_word' id='word_1_118' title='bbox 259 2035 390 2095; x_wconf 81' lang='grc' dir='ltr'><strong><em>ηνωχον</em></strong></span> <span class='ocrx_word' id='word_1_119' title='bbox 403 2012 535 2079; x_wconf 90' lang='grc' dir='ltr'><strong><em>καλέειν</em></strong></span> <span class='ocrx_word' id='word_1_120' title='bbox 548 2008 873 2099; x_wconf 84' lang='grc' dir='ltr'><strong><em>λευκωλένουἭρης,</em></strong></span> <span class='ocrx_word' id='word_1_121' title='bbox 1029 2032 1079 2083; x_wconf 82' lang='grc'><strong><em>105</em></strong></span> 
     </span>
     <span class='ocr_line' id='line_1_19' title="bbox 75 2107 868 2235; baseline 0.004 -57"><span class='ocrx_word' id='word_1_122' title='bbox 75 2110 119 2235; x_wconf 83' lang='grc' dir='ltr'><strong><em>μή</em></strong></span> <span class='ocrx_word' id='word_1_123' title='bbox 133 2139 191 2198; x_wconf 93' lang='grc' dir='ltr'><strong><em>μιν</em></strong></span> <span class='ocrx_word' id='word_1_124' title='bbox 204 2107 307 2179; x_wconf 82' lang='grc' dir='ltr'><strong><em>ἔπειτ’</em></strong></span> <span class='ocrx_word' id='word_1_125' title='bbox 324 2113 475 2235; x_wconf 81' lang='grc' dir='ltr'><strong><em>έμέεσσιν</em></strong></span> <span class='ocrx_word' id='word_1_126' title='bbox 489 2109 756 2200; x_wconf 82' lang='grc' dir='ltr'><strong><em>ἀποστρέψειενί</em></strong></span> <span class='ocrx_word' id='word_1_127' title='bbox 755 2118 868 2181; x_wconf 82' lang='grc' dir='ltr'><strong><em>οὖσαν.</em></strong></span> 
     </span>
    </p>

    <p class='ocr_par' dir='ltr' id='par_1_6' title="bbox 55 2205 1078 3421">
     <span class='ocr_line' id='line_1_20' title="bbox 55 2205 884 2303; baseline 0.002 -22"><span class='ocrx_word' id='word_1_128' title='bbox 55 2206 57 2210; x_wconf 31' lang='grc'><strong>“</strong></span> <span class='ocrx_word' id='word_1_129' title='bbox 75 2210 179 2301; x_wconf 86' lang='grc' dir='ltr'><strong><em>αύτδιρ</em></strong></span> <span class='ocrx_word' id='word_1_130' title='bbox 194 2210 315 2281; x_wconf 79' lang='grc' dir='ltr'><strong><em>ἐπεὶ</em></strong></span> <span class='ocrx_word' id='word_1_131' title='bbox 280 2210 349 2299; x_wconf 77' lang='grc' dir='ltr'><strong><em>τογ’</em></strong></span> <span class='ocrx_word' id='word_1_132' title='bbox 365 2210 487 2282; x_wconf 90' lang='grc' dir='ltr'><strong><em>ἄκουσε</em></strong></span> <span class='ocrx_word' id='word_1_133' title='bbox 500 2211 685 2301; x_wconf 81' lang='grc' dir='ltr'><strong><em>ποδήνεμος</em></strong></span> <span class='ocrx_word' id='word_1_134' title='bbox 699 2205 807 2303; x_wconf 81' lang='grc' dir='ltr'><strong><em>ἀκέα</em></strong></span> <span class='ocrx_word' id='word_1_135' title='bbox 799 2222 884 2302; x_wconf 87' lang='grc' dir='ltr'><strong><em>Ιρις,</em></strong></span> 
     </span>
     <span class='ocr_line' id='line_1_21' title="bbox 76 2314 926 2404; baseline 0.002 -22"><span class='ocrx_word' id='word_1_136' title='bbox 76 2319 119 2403; x_wconf 82' lang='grc' dir='ltr'><strong><em>βή</em></strong></span> <span class='ocrx_word' id='word_1_137' title='bbox 134 2318 175 2402; x_wconf 78' lang='grc' dir='ltr'><strong><em>ῥα</em></strong></span> <span class='ocrx_word' id='word_1_138' title='bbox 188 2316 300 2399; x_wconf 91' lang='grc' dir='ltr'><strong><em>θέειν,</em></strong></span> <span class='ocrx_word' id='word_1_139' title='bbox 322 2318 444 2402; x_wconf 88' lang='grc' dir='ltr'><strong><em>ταχέως</em></strong></span> <span class='ocrx_word' id='word_1_140' title='bbox 459 2316 495 2385; x_wconf 73' lang='grc' dir='ltr'><strong><em>δὲ</em></strong></span> <span class='ocrx_word' id='word_1_141' title='bbox 509 2314 646 2404; x_wconf 82' lang='grc' dir='ltr'><strong><em>διήνυσε</em></strong></span> <span class='ocrx_word' id='word_1_142' title='bbox 660 2319 728 2383; x_wconf 82' lang='grc' dir='ltr'><strong><em>πᾶν</em></strong></span> <span class='ocrx_word' id='word_1_143' title='bbox 741 2314 777 2382; x_wconf 89' lang='grc' dir='ltr'><strong><em>τδ</em></strong></span> <span class='ocrx_word' id='word_1_144' title='bbox 791 2314 926 2403; x_wconf 80' lang='grc' dir='ltr'><strong><em>μεσηγύ.</em></strong></span> 
     </span>
     <span class='ocr_line' id='line_1_22' title="bbox 75 2413 941 2507; baseline 0.003 -23"><span class='ocrx_word' id='word_1_145' title='bbox 75 2414 180 2504; x_wconf 87' lang='grc' dir='ltr'><strong><em>αύτάρ</em></strong></span> <span class='ocrx_word' id='word_1_146' title='bbox 194 2419 269 2486; x_wconf 84' lang='grc' dir='ltr'><strong><em>έπεί</em></strong></span> <span class='ocrx_word' id='word_1_147' title='bbox 280 2413 312 2505; x_wconf 76' lang='grc' dir='ltr'><strong><em>ῥ’</em></strong></span> <span class='ocrx_word' id='word_1_148' title='bbox 327 2423 422 2486; x_wconf 78' lang='grc' dir='ltr'><strong><em>ἵκανε</em></strong></span> <span class='ocrx_word' id='word_1_149' title='bbox 435 2423 528 2488; x_wconf 80' lang='grc' dir='ltr'><strong><em>θεων</em></strong></span> <span class='ocrx_word' id='word_1_150' title='bbox 541 2422 632 2503; x_wconf 86' lang='grc' dir='ltr'><strong><em>έδος,</em></strong></span> <span class='ocrx_word' id='word_1_151' title='bbox 652 2414 755 2485; x_wconf 86' lang='grc' dir='ltr'><strong><em>αίπύν</em></strong></span> <span class='ocrx_word' id='word_1_152' title='bbox 761 2414 941 2507; x_wconf 81' lang='grc' dir='ltr'><strong><em>Ὄλυμπον,</em></strong></span> 
     </span>
     <span class='ocr_line' id='line_1_23' title="bbox 75 2514 1078 2607; baseline 0.002 -21"><span class='ocrx_word' id='word_1_153' title='bbox 75 2515 185 2586; x_wconf 80' lang='grc' dir='ltr'><strong><em>αὐτίκ’</em></strong></span> <span class='ocrx_word' id='word_1_154' title='bbox 201 2514 255 2601; x_wconf 87' lang='grc' dir='ltr'><strong><em>ἄρ’</em></strong></span> <span class='ocrx_word' id='word_1_155' title='bbox 270 2525 468 2587; x_wconf 82' lang='grc' dir='ltr'><strong><em>Εἰλείθυιαν</em></strong></span> <span class='ocrx_word' id='word_1_156' title='bbox 483 2517 566 2587; x_wconf 78' lang='grc' dir='ltr'><strong><em>ἀπέκ</em></strong></span> <span class='ocrx_word' id='word_1_157' title='bbox 579 2515 735 2606; x_wconf 82' lang='grc' dir='ltr'><strong><em>μεγάροιο</em></strong></span> <span class='ocrx_word' id='word_1_158' title='bbox 749 2519 874 2607; x_wconf 78' lang='grc' dir='ltr'><strong><em>θύραζε</em></strong></span> <span class='ocrx_word' id='word_1_159' title='bbox 1029 2537 1078 2588; x_wconf 83' lang='lat' dir='ltr'><strong><em>llo</em></strong></span> 
     </span>
     <span class='ocr_line' id='line_1_24' title="bbox 75 2619 893 2708; baseline 0.001 -20"><span class='ocrx_word' id='word_1_160' title='bbox 75 2621 403 2708; x_wconf 79' lang='grc' dir='ltr'><strong><em>ἐκπροκαλεσσαμένη</em></strong></span> <span class='ocrx_word' id='word_1_161' title='bbox 425 2628 504 2689; x_wconf 82' lang='grc' dir='ltr'><strong><em>ἔπεα</em></strong></span> <span class='ocrx_word' id='word_1_162' title='bbox 518 2619 697 2708; x_wconf 89' lang='grc' dir='ltr'><strong><em>πτερόεντα</em></strong></span> <span class='ocrx_word' id='word_1_163' title='bbox 711 2620 893 2708; x_wconf 87' lang='grc' dir='ltr'><strong><em>προσηύδα,</em></strong></span> 
     </span>
     <span class='ocr_line' id='line_1_25' title="bbox 75 2716 1010 2810; baseline 0.002 -22"><span class='ocrx_word' id='word_1_164' title='bbox 75 2721 182 2789; x_wconf 90' lang='grc' dir='ltr'><strong><em>πάντα</em></strong></span> <span class='ocrx_word' id='word_1_165' title='bbox 195 2717 288 2807; x_wconf 92' lang='grc' dir='ltr'><strong><em>μάλ’,</em></strong></span> <span class='ocrx_word' id='word_1_166' title='bbox 310 2716 353 2799; x_wconf 76' lang='grc' dir='ltr'><strong><em>ὡς</em></strong></span> <span class='ocrx_word' id='word_1_167' title='bbox 366 2724 542 2790; x_wconf 82' lang='grc' dir='ltr'><strong><em>ἐπέτελλον</em></strong></span> <span class='ocrx_word' id='word_1_168' title='bbox 553 2718 712 2809; x_wconf 87' lang='grc' dir='ltr'><strong><em>Ὀλύμπια</em></strong></span> <span class='ocrx_word' id='word_1_169' title='bbox 727 2719 854 2810; x_wconf 77' lang='grc' dir='ltr'><strong><em>δώματ’</em></strong></span> <span class='ocrx_word' id='word_1_170' title='bbox 870 2730 1010 2809; x_wconf 79' lang='grc' dir='ltr'><strong><em>ἔχουσαι.</em></strong></span> 
     </span>
     <span class='ocr_line' id='line_1_26' title="bbox 74 2819 914 2911; baseline -0.001 -20"><span class='ocrx_word' id='word_1_171' title='bbox 74 2827 116 2911; x_wconf 81' lang='grc' dir='ltr'><strong><em>τῇ</em></strong></span> <span class='ocrx_word' id='word_1_172' title='bbox 131 2819 164 2890; x_wconf 89' lang='grc' dir='ltr'><strong><em>δ’</em></strong></span> <span class='ocrx_word' id='word_1_173' title='bbox 180 2819 244 2909; x_wconf 91' lang='grc' dir='ltr'><strong><em>ἄρα</em></strong></span> <span class='ocrx_word' id='word_1_174' title='bbox 257 2819 370 2908; x_wconf 84' lang='grc' dir='ltr'><strong><em>θυμὸν</em></strong></span> <span class='ocrx_word' id='word_1_175' title='bbox 384 2831 522 2892; x_wconf 81' lang='grc' dir='ltr'><strong><em>ἔπειθεν</em></strong></span> <span class='ocrx_word' id='word_1_176' title='bbox 535 2825 585 2893; x_wconf 83' lang='grc' dir='ltr'><strong><em>ένλ</em></strong></span> <span class='ocrx_word' id='word_1_177' title='bbox 598 2821 757 2909; x_wconf 81' lang='grc' dir='ltr'><strong><em>στήθεσσι</em></strong></span> <span class='ocrx_word' id='word_1_178' title='bbox 771 2831 914 2910; x_wconf 86' lang='grc' dir='ltr'><strong><em>φίλοισι·</em></strong></span> 
     </span>
     <span class='ocr_line' id='line_1_27' title="bbox 74 2922 891 3013; baseline 0 -21"><span class='ocrx_word' id='word_1_179' title='bbox 74 2922 140 3011; x_wconf 82' lang='grc' dir='ltr'><strong><em>βάν</em></strong></span> <span class='ocrx_word' id='word_1_180' title='bbox 154 2924 190 2992; x_wconf 77' lang='grc' dir='ltr'><strong><em>δέ</em></strong></span> <span class='ocrx_word' id='word_1_181' title='bbox 204 2925 282 2991; x_wconf 83' lang='grc' dir='ltr'><strong><em>ποσὶ</em></strong></span> <span class='ocrx_word' id='word_1_182' title='bbox 294 2923 438 3013; x_wconf 87' lang='grc' dir='ltr'><strong><em>τρήρωσι</em></strong></span> <span class='ocrx_word' id='word_1_183' title='bbox 453 2924 621 2994; x_wconf 84' lang='grc' dir='ltr'><strong><em>πελειάσιν</em></strong></span> <span class='ocrx_word' id='word_1_184' title='bbox 634 2922 758 3012; x_wconf 75' lang='grc' dir='ltr'><strong><em>ἴθμαθ’</em></strong></span> <span class='ocrx_word' id='word_1_185' title='bbox 773 2922 891 3011; x_wconf 73' lang='grc' dir='ltr'><strong><em>ὁμοῖαι.</em></strong></span> 
     </span>
     <span class='ocr_line' id='line_1_28' title="bbox 75 3016 1075 3116; baseline 0.002 -23"><span class='ocrx_word' id='word_1_186' title='bbox 75 3016 146 3093; x_wconf 78' lang='grc' dir='ltr'><strong><em>εὖτ’</em></strong></span> <span class='ocrx_word' id='word_1_187' title='bbox 162 3027 216 3094; x_wconf 79' lang='grc' dir='ltr'><strong><em>ἐπὶ</em></strong></span> <span class='ocrx_word' id='word_1_188' title='bbox 228 3025 343 3112; x_wconf 87' lang='grc' dir='ltr'><strong><em>Δήλου</em></strong></span> <span class='ocrx_word' id='word_1_189' title='bbox 356 3033 469 3114; x_wconf 80' lang='grc' dir='ltr'><strong><em>ἔβαινε</em></strong></span> <span class='ocrx_word' id='word_1_190' title='bbox 481 3026 680 3116; x_wconf 78' lang='grc' dir='ltr'><strong><em>μογοστόκος</em></strong></span> <span class='ocrx_word' id='word_1_191' title='bbox 693 3032 882 3113; x_wconf 77' lang='grc' dir='ltr'><strong><em>Εἰλείθυια,</em></strong></span> <span class='ocrx_word' id='word_1_192' title='bbox 1027 3045 1075 3096; x_wconf 81' lang='lat'><strong><em>115</em></strong></span> 
     </span>
     <span class='ocr_line' id='line_1_29' title="bbox 76 3123 1035 3217; baseline 0.003 -23"><span class='ocrx_word' id='word_1_193' title='bbox 76 3125 116 3214; x_wconf 84' lang='grc' dir='ltr'><strong><em>δή</em></strong></span> <span class='ocrx_word' id='word_1_194' title='bbox 130 3125 202 3195; x_wconf 89' lang='grc' dir='ltr'><strong><em>τότε</em></strong></span> <span class='ocrx_word' id='word_1_195' title='bbox 216 3123 277 3213; x_wconf 85' lang='grc' dir='ltr'><strong><em>τήν</em></strong></span> <span class='ocrx_word' id='word_1_196' title='bbox 289 3125 384 3207; x_wconf 90' lang='grc' dir='ltr'><strong><em>τόκος</em></strong></span> <span class='ocrx_word' id='word_1_197' title='bbox 398 3124 483 3215; x_wconf 81' lang='grc' dir='ltr'><strong><em>εἷλε,</em></strong></span> <span class='ocrx_word' id='word_1_198' title='bbox 505 3137 701 3217; x_wconf 86' lang='grc' dir='ltr'><strong><em>μενοίνησεν</em></strong></span> <span class='ocrx_word' id='word_1_199' title='bbox 716 3127 753 3196; x_wconf 70' lang='grc' dir='ltr'><strong><em>δὲ</em></strong></span> <span class='ocrx_word' id='word_1_200' title='bbox 766 3131 931 3197; x_wconf 88' lang='grc' dir='ltr'><strong><em>τεκέσθαι.</em></strong></span> <span class='ocrx_word' id='word_1_201' title='bbox 1034 3170 1035 3173; x_wconf 33' lang='lat'>¹</span> 
     </span>
     <span class='ocr_line' id='line_1_30' title="bbox 74 3224 869 3318; baseline 0.001 -21"><span class='ocrx_word' id='word_1_202' title='bbox 74 3224 159 3316; x_wconf 80' lang='grc' dir='ltr'><strong><em>ἀμφὶ</em></strong></span> <span class='ocrx_word' id='word_1_203' title='bbox 174 3229 211 3298; x_wconf 70' lang='grc' dir='ltr'><strong><em>δὲ</em></strong></span> <span class='ocrx_word' id='word_1_204' title='bbox 224 3235 350 3315; x_wconf 92' lang='grc' dir='ltr'><strong><em>φοίνικι</em></strong></span> <span class='ocrx_word' id='word_1_205' title='bbox 365 3229 445 3317; x_wconf 86' lang='grc' dir='ltr'><strong><em>βάλε</em></strong></span> <span class='ocrx_word' id='word_1_206' title='bbox 460 3230 575 3318; x_wconf 90' lang='grc' dir='ltr'><strong><em>πήχεε,</em></strong></span> <span class='ocrx_word' id='word_1_207' title='bbox 592 3233 698 3318; x_wconf 74' lang='grc' dir='ltr'><strong><em>μούνα</em></strong></span> <span class='ocrx_word' id='word_1_208' title='bbox 713 3226 748 3297; x_wconf 89' lang='grc' dir='ltr'><strong><em>δ’</em></strong></span> <span class='ocrx_word' id='word_1_209' title='bbox 763 3236 869 3318; x_wconf 82' lang='grc' dir='ltr'><strong><em>ἔρεισε</em></strong></span> 
     </span>
     <span class='ocr_line' id='line_1_31' title="bbox 73 3326 888 3421; baseline 0 -21"><span class='ocrx_word' id='word_1_210' title='bbox 73 3335 209 3410; x_wconf 75' lang='grc' dir='ltr'><strong><em>λειμῶνι</em></strong></span> <span class='ocrx_word' id='word_1_211' title='bbox 223 3335 374 3421; x_wconf 76' lang='grc' dir='ltr'><strong><em>μαλακῷ·</em></strong></span> <span class='ocrx_word' id='word_1_212' title='bbox 395 3338 531 3421; x_wconf 91' lang='grc' dir='ltr'><strong><em>μείδησε</em></strong></span> <span class='ocrx_word' id='word_1_213' title='bbox 548 3333 584 3401; x_wconf 69' lang='grc' dir='ltr'><strong><em>δὲ</em></strong></span> <span class='ocrx_word' id='word_1_214' title='bbox 598 3326 668 3419; x_wconf 79' lang='grc' dir='ltr'><strong><em>ναῖ’</em></strong></span> <span class='ocrx_word' id='word_1_215' title='bbox 682 3326 888 3418; x_wconf 79' lang='grc' dir='ltr'><strong><em>ὑπένερθεν·</em></strong></span> 
     </span>
    </p>
   </div>
   <div class='ocr_carea' id='block_1_3' title="bbox 72 3472 272 3484">
    <p class='ocr_par' dir='ltr' id='par_1_7' title="bbox 72 3472 272 3484">
     <span class='ocr_line' id='line_1_32' title="bbox 72 3472 272 3484; baseline -0.005 -1"><span class='ocrx_word' id='word_1_216' title='bbox 72 3472 272 3484; x_wconf 52' lang='grc' dir='ltr'><strong><em>ι’*-</em></strong></span> 
     </span>
    </p>
   </div>
   <div class='ocr_carea' id='block_1_4' title="bbox 35 3521 764 3656">
    <p class='ocr_par' dir='ltr' id='par_1_8' title="bbox 35 3521 764 3656">
     <span class='ocr_line' id='line_1_33' title="bbox 35 3521 764 3656; baseline 0 -54"><span class='ocrx_word' id='word_1_217' title='bbox 35 3521 142 3656; x_wconf 50' lang='grc' dir='ltr'><strong><em>ήστο</em></strong></span> <span class='ocrx_word' id='word_1_218' title='bbox 155 3531 213 3621; x_wconf 74' lang='grc' dir='ltr'><strong><em>γάρ</em></strong></span> <span class='ocrx_word' id='word_1_219' title='bbox 229 3538 260 3599; x_wconf 79' lang='grc' dir='ltr'><strong><em>έν</em></strong></span> <span class='ocrx_word' id='word_1_220' title='bbox 274 3536 433 3622; x_wconf 35' lang='grc' dir='ltr'><strong><em>μεγάροισι,</em></strong></span> <span class='ocrx_word' id='word_1_221' title='bbox 444 3547 516 3617; x_wconf 83' lang='grc' dir='ltr'><strong><em>Διος</em></strong></span> <span class='ocrx_word' id='word_1_222' title='bbox 530 3538 764 3622; x_wconf 81' lang='grc' dir='ltr'><strong><em>νεφεληγερέταο.</em></strong></span> 
     </span>
    </p>
   </div>
   <div class='ocr_carea' id='block_1_5' title="bbox 0 0 1192 3900">
    <p class='ocr_par' dir='ltr' id='par_1_9' title="bbox 0 0 1192 3900">
     <span class='ocr_line' id='line_1_34' title="bbox 0 0 1192 3900; baseline 0 2"><span class='ocrx_word' id='word_1_223' title='bbox 0 0 1192 3900; x_wconf 95' lang='lat' dir='ltr'><strong><em> </em></strong></span> 
     </span>
    </p>
   </div>
  </div>
 </body>
</html>
