2376 3900
366 300 371 309 x
423 222 462 273 V.¹
480 221 542 272 ΕΙΣ
560 220 770 274 ΔΗΜΗΤΡΑΝ.

91 380 133 464 τῇ
148 375 184 443 δὲ
198 376 409 462 χολωσαμένη
423 378 681 462 καλλιστέφανος
694 375 853 465 Δημήτηρ

91 481 196 546 παῖδα
211 484 327 564 φίλον,
348 473 407 544 τὸν
419 474 562 546 ἄελπτον
576 479 626 546 ἐνὶ
639 475 830 565 μεγάροισιν
845 485 959 566 ἔτικτε,

90 574 235 666 χείρεσσ’
250 575 458 666 ἀθανάτῃσιν
471 575 535 647 ἀπό
549 583 583 648 ἕο
596 581 683 664 θήκε
696 581 849 664 πέδονδε,

91 683 290 762 ἐξανελοῦσα
304 677 425 767 πυρός,
444 683 547 771 θυμῷ
563 681 723 747 κοτέσασα
735 675 814 766 μάλ’
829 685 940 768 αίνως,

90 788 150 850 καί
162 777 194 870 ῤ’
210 778 329 867 άμυδις
343 782 538 869 προσέειπεν
551 778 695 863 ἐύζωνον
708 780 937 867 Μετάνειραν·
1040 799 1091 852 255

169 880 295 969 Νήτδες
309 879 502 969 ἀνθρωποι,
523 879 734 969 ἀφράδμονες
748 878 821 950 οὔτ’
836 879 977 968 ἀγαθοῖο

91 983 190 1052 αἶσαν
204 985 423 1071 ἐπερχομένου
437 981 668 1072 προγνώμεναι
682 980 759 1051 ούτε
772 998 902 1052 κακοῖο·

90 1088 147 1153 καὶ
160 1083 202 1153 σύ
215 1082 279 1172 γάρ
292 1080 474 1173 ἀφραδίῃσι
487 1090 562 1174 τεής
574 1083 734 1171 νήκεστον
747 1081 883 1171 ἀάσθης.

91 1196 171 1254 ἴστω
184 1183 247 1273 γάρ
260 1190 352 1253 θεῶν
365 1182 478 1275 όρκος,
498 1183 687 1274 ἀμείλικτον
699 1183 829 1272 Στυγὸς
841 1183 945 1274 ύδωρ,

91 1284 264 1356 ἀθάνατον
276 1289 335 1355 κέν
348 1314 399 1356 τοι
413 1291 468 1356 καὶ
482 1284 629 1375 ἀγήραον
641 1285 749 1375 ήματα
762 1285 870 1356 πάντα
1040 1303 1093 1358 260

90 1394 195 1459 παῖδα
208 1396 309 1475 φίλον
322 1396 442 1477 ποίησα
454 1391 511 1457 καὶ
524 1387 670 1475 ἄφθιτον
683 1385 800 1457 άπασα
812 1386 925 1476 τιμήν’

90 1495 156 1558 νῦν
171 1486 207 1558 δ’
221 1487 282 1558 ούκ
296 1487 383 1576 ἐσθ’,
405 1488 448 1568 όός
461 1517 520 1558 κεν
533 1488 683 1558 θάνατον
696 1492 751 1558 καὶ
763 1494 865 1577 κήρας
878 1485 1010 1571 ἀλύξαι·

90 1589 168 1679 τιμή
183 1588 216 1659 δ’
232 1588 374 1678 άφθιτος
387 1591 460 1659 αι’δν
474 1593 661 1676 ἐπέσσεται,
681 1588 803 1660 οὕνεκα
816 1595 948 1677 γουνοῖν

90 1689 259 1781 ἡμετέρων
273 1693 374 1779 ἐπέβη
385 1694 441 1760 καὶ
459 1694 497 1760 ἐν
509 1689 704 1779 ἀγκοίνησιν
717 1702 843 1760 ἴαυσεν.

92 1792 220 1882 ὥρησιν
234 1790 267 1862 δ’
283 1790 347 1880 άρα
361 1797 474 1880 τούγε,
496 1795 749 1880 περιπλομένων
766 1796 938 1877 ἐνιαυτοῖν,
1041 1809 1093 1862 266

90 1900 208 1973 παῖδες
219 1891 429 1963 Ἐλευσινίων
442 1892 654 1981 πόλεμονκαὶ
668 1893 816 1981 φύλοπιν
831 1892 929 1981 αίνήν

91 1997 166 2065 αίέν
177 1993 381 2082 Ἀθηναίοισι
399 1992 579 2077 συνάξαυσ’
593 1993 701 2084 ήματα
714 1995 832 2065 πάντα.

296 2103 312 2143 ι
516 2107 533 2148 ι
736 2099 753 2137 *

91 2199 159 2285 είμλ
173 2196 210 2266 δέ
224 2196 382 2285 Δημήτηρ
398 2197 569 2284 τιμάοχος,
590 2195 647 2284 ήτε
660 2201 815 2285 μέγιστον

90 2296 274 2376 ἀθανάτοις
287 2304 446 2385 θνητοῖσί
455 2295 487 2366 τ’
502 2295 584 2383 όναρ
598 2299 654 2366 καὶ
666 2298 775 2386 χάρμα
788 2302 948 2367 τέτυκται.

90 2397 169 2468 ἀλλ’
183 2397 243 2486 ἀγε
257 2425 313 2485 μοι
327 2397 410 2487 νηόν
423 2425 458 2466 τε
471 2399 577 2486 μέγαν
590 2400 646 2466 καὶ
659 2397 772 2485 βωμόν
786 2394 845 2466 ὑπ’
862 2393 954 2487 αὐτῷ
1042 2411 1096 2466 270

90 2499 279 2587 τευχόντων
293 2505 356 2580 πάς
372 2503 472 2587 δήμος
485 2495 568 2567 ύπαλ
581 2498 678 2567 πόλιν
691 2498 773 2569 αίπύ
786 2526 821 2568 τε
835 2513 949 2584 τεῖχος,

90 2600 302 2690 Καλλιχόρου
314 2600 550 2689 καθύπερθεν,
573 2602 627 2669 ἐπὶ
641 2599 820 2687 προύχοντι
833 2604 979 2692 κολωνῷ.

91 2701 191 2792 όργια
205 2701 240 2772 δ’
256 2700 340 2790 αύτή
354 2701 441 2789 έγοδν
454 2699 683 2790 ὑποθήσομαι,
706 2699 749 2782 ως
763 2699 806 2772 ἀν
820 2709 932 2770 ἔπειτα

93 2802 238 2891 εὐαγέως
253 2809 406 2892 ἔρδοντες
420 2801 499 2892 ἐμὸν
512 2802 591 2872 νόον
605 2802 805 2874 ἱλάσκοισθε.

164 2902 224 2985 Ὣς
238 2910 377 2974 είπούσα
389 2903 455 2974 θεά
468 2908 609 2992 μέγεθος
623 2906 678 2973 καὶ
692 2904 780 2985 εἶδος
794 2901 923 2991 άμειφε,
1043 2916 1096 2973 275

93 3013 197 3095 γήρας
211 3005 428 3096 ἀπωσαμένη,
450 3013 529 3094 περί
538 3003 569 3074 τ’
584 3003 673 3093 ἀμφί
682 3034 717 3075 τε
730 3007 848 3084 κάλλος
862 3003 957 3091 άητο·

93 3107 180 3197 ὀδμή
194 3106 229 3176 δ’
245 3107 417 3198 ίμερόεσσα
430 3115 606 3195 θυηέντων
619 3104 683 3176 ἀπό
697 3111 832 3176 πέπλων

94 3215 269 3296 σκίδνατο,
290 3215 367 3297 τήλε
382 3209 419 3278 δὲ
433 3211 554 3296 φέγγος
567 3207 631 3277 ἀπό
646 3207 742 3295 χροὸς
755 3205 936 3277 ἀθανάτοιο

96 3311 202 3399 λάμπε
214 3316 312 3399 θεής,
333 3313 455 3397 ξανθαὶ
469 3311 505 3379 δὲ
519 3309 617 3398 κόμαι
630 3308 855 3398 κατενήνοθεν
869 3307 987 3397 όόμους,

95 3410 199 3500 αύγής
215 3410 249 3481 δ’
264 3412 413 3500 ἐπλήσθη
427 3409 566 3490 πυκινὸς
580 3410 695 3498 δόμος,
715 3408 897 3499 ἀστεροπῆς
911 3408 971 3488 ὥς·
1045 3423 1098 3476 280

95 3519 140 3603 βή
155 3514 192 3582 δέ
207 3514 277 3583 διὲκ
291 3512 460 3601 μεγάρων·
488 3509 593 3600 τής,δ’
609 3508 727 3581 αύτίκα
740 3508 878 3600 γούνατ’
894 3517 1021 3596 ἔλυντο,

1067 3612 1135 3664 ι.
