2376 3900
297 218 334 268 Π.
359 217 421 268 ΕΙΣ
437 216 644 270 ΔΠΟΑΛΩΝΑ
661 214 816 270 ΠΤΘΙΟΝ.
1023 205 1057 264 11

60 367 105 452 ῦς
117 369 181 461 γὰρ
194 370 234 441 τό
247 370 411 462 πρώτισθ’
427 369 500 459 ὁσίη
513 370 645 459 γένεθ’·
666 379 700 443 ot
711 374 747 442 δὲ
760 371 878 443 ῦνακτι

60 470 212 560 εῦχονται
220 527 230 560 ,
253 479 373 563 δίφρον
387 475 424 543 δὲ
436 477 521 544 θεοῦ
532 473 605 542 τότε
618 491 717 564 μοῖρα
731 475 901 562 φυλάσσει.
1026 491 1060 545 60

60 579 176 657 [ἔνθεν
190 575 227 643 δὲ
240 579 388 665 προτέρω
403 583 504 660 έκιες,
526 574 700 662 ἑκατηβόλ’
713 574 895 646 Ἄπολλον·

58 674 236 764 Κηφισσὸν
250 675 282 746 θ’
298 675 354 765 ἄρ’
369 685 481 747 ἔπειτα
493 676 628 764 κιχήσαο
642 682 890 768 καλλιρέεθρον,
983 683 1058 761 [240]

58 775 135 846 ὅστε
148 786 334 866 Λιλαίηθεν
347 782 478 867 προχέει
491 786 688 867 καλλίρροον
703 777 806 867 ῦθωρ.

58 876 117 947 τόν
132 878 266 966 βιαβόις,
283 877 454 969 Ἑκάεργε,
475 881 531 949 καὶ
543 876 702 968 Ὠκαλέην
715 882 943 969 πολύπυργον]

58 987 161 1050 ἔνθεν
175 977 232 1069 ἄρ’
248 989 295 1061 είς
304 979 477 1071 Ἀλίαρτον
489 977 608 1067 ύφίκεο
622 982 788 1071 ποιήεντα.
1026 999 1059 1052 65

57 1086 119 1169 βής
134 1080 168 1151 θ’
183 1084 236 1152 ἐπὶ
255 1083 460 1171 Τελφούσης·
480 1081 558 1151 τόθι
571 1110 621 1151 τοι
635 1081 696 1152 ἅδε
709 1090 815 1172 χῦρος
827 1079 967 1172 ἀπήμων

57 1183 239 1266 τεύξασθαι
251 1183 334 1272 νηόν
346 1213 381 1254 τε
394 1186 450 1255 καὶ
464 1182 565 1253 ῦλσεα
580 1184 797 1273 δενδρήεντα·
984 1190 1058 1274 [λ45]

17 1279 20 1293 ⁵
57 1290 136 1372 στής
151 1285 187 1353 δὲ
200 1283 279 1374 μόλ’
293 1283 369 1374 ἄγχ’
385 1284 486 1374 αῦτής
498 1293 557 1355 καί
569 1315 628 1373 μιν
641 1285 722 1376 πρὸς
736 1291 849 1376 μῦθον
863 1293 984 1365 ἔειπες·

140 1385 318 1474 Τελφοῦσ’,
340 1386 464 1458 ένθύθε
478 1386 519 1475 δή
534 1391 664 1476 φρονέω
678 1391 877 1477 περικαλλέα
889 1384 973 1476 νηὸν

57 1484 249 1577 ἀνθρώπων
264 1493 375 1572 τεῦξαι
386 1488 599 1579 χρηστήριον,
624 1496 691 1559 οἵτε
704 1517 759 1579 μοι
773 1491 836 1559 αίεὶ
1027 1505 1061 1559 70

58 1586 179 1658 ἐνθάδ’
195 1587 390 1679 ἀγινήσουσι
402 1593 578 1677 τεληέσσας
591 1591 783 1680 έκατόμβας,

58 1686 140 1777 ήμέν
153 1688 224 1760 όσοι
238 1691 498 1780 Πελοπόννησον
510 1700 643 1780 πίειραν
655 1700 798 1780 ἔχουσιν,
985 1699 1059 1776 [250]

56 1788 115 1878 ἠδ’
131 1790 202 1862 ὅσοι
215 1790 384 1883 Εὐρώπην
396 1821 432 1863 τε
445 1795 502 1863 καὶ
515 1790 702 1882 ἀμφιρύτας
714 1792 799 1864 κατὰ
811 1792 944 1881 νήσους,

56 1893 267 1983 χρησόμενοι·
287 1911 393 1965 τοῖσιν
408 1898 447 1964 δέ
456 1892 490 1962 τ’
505 1893 569 1982 έγω
583 1898 744 1984 νημερτέα
758 1894 884 1983 βουλήν

56 1999 138 2063 πᾶσι
150 1996 379 2086 θεμιστεύοιμι
392 1999 500 2085 χρέων
513 1998 564 2064 ένὶ
578 2005 670 2066 πιόνι
683 2001 763 2089 νηῷ.
1025 2013 1060 2068 75

127 2092 187 2176 Ὣς
206 2095 309 2166 είπων
323 2100 458 2186 διέθηκε
471 2105 624 2184 θεμείλια
640 2106 762 2185 Φοῖβος
774 2093 942 2166 Ἀπόλλων

57 2194 157 2284 εύρέα
170 2199 226 2267 καὶ
239 2197 325 2286 μύλα
338 2197 447 2288 μακρὰ
462 2202 626 2286 διηνεκές·
647 2196 668 2288 ή
683 2197 716 2269 δ’
731 2203 889 2269 έσιόοῦσα
986 2207 1058 2284 [255]

60 2303 236 2386 Τελφοῦσα
249 2305 391 2388 κραδίην
404 2299 585 2388 έχολοόσατο
601 2301 674 2370 είπέ
685 2328 721 2369 τε
734 2303 863 2387 μῦθον·

135 2408 239 2488 Φοῖβε
253 2399 334 2482 ἅναξ
351 2401 502 2490 ἑκάεργε,
524 2409 601 2480 ἔπος
613 2409 648 2471 τί
658 2428 709 2470 τοι
723 2404 760 2469 έν
773 2402 873 2487 φρεσὶ
886 2400 998 2489 θήσω·

56 2499 180 2571 ἐνθάδ’
196 2505 267 2572 ἐπεὶ
280 2505 431 2591 φρονέεις
443 2506 553 2583 τεῦξαι
568 2504 765 2590 περικαλλέα
778 2499 872 2588 νηὸν,
1024 2519 1059 2573 80

56 2610 195 2690 ἔμμεναι
209 2600 400 2693 ἀνθρώποις
414 2603 628 2693 χρηστήριον,
649 2609 717 2672 οἵτε
730 2630 780 2671 τοι
795 2605 861 2672 αίεί

56 2702 179 2773 ἐνθάδ’
195 2702 389 2794 ύγινήσουσι
402 2708 578 2794 τεληέσσας
591 2704 773 2793 ἑκατόμβας
789 2744 833 2755 -
986 2710 1058 2790 [λοῦ]

56 2801 134 2873 ἀλλ’
149 2813 185 2875 ἔκ
198 2834 248 2875 τοι
262 2811 362 2895 έρέω,
383 2806 425 2875 σῦ
440 2805 473 2876 δ’
488 2809 538 2877 ένὶ
552 2808 651 2895 φρεσὶ
663 2806 784 2893 βάλλεο
798 2811 886 2895 σήσι,

56 2910 219 2993 πημανέει
232 2906 266 2976 σ’
281 2911 346 2978 αίελ
359 2908 480 2988 κτύπος
493 2913 605 2977 ἵππων
618 2904 778 2994 ύκειύων,

56 3003 281 3095 ἄρδόμενοίτ’
296 3008 412 3097 οῦρήες
425 3013 513 3099 έμῦυ
527 3015 626 3098 ίεριῦν
643 3006 707 3078 ύπό
721 3011 870 3097 πηγέων·
1024 3025 1058 3078 85
1153 3029 1155 3033 ’

57 3108 144 3177 ένθύ
157 3137 206 3190 τις
219 3107 410 3200 ἀνθρώπων
422 3109 618 3199 βουλήσεται
632 3110 848 3197 είσορόασθαι

57 3207 187 3298 ἅρματά
199 3209 232 3280 τ’
247 3209 404 3300 εύποίητα
417 3215 473 3281 καὶ
489 3210 674 3283 ὠκυπόδων
691 3210 818 3281 κτύπον
833 3217 957 3298 ἵππων,
981 3217 1056 3294 [265]

56 3306 79 3397 ή
90 3311 174 3400 νηόν
187 3340 223 3382 τε
235 3314 340 3402 μέγαν
353 3316 408 3383 καὶ
420 3314 566 3402 κτήματα
579 3310 675 3383 πόλλ’
690 3313 834 3382 ἐνεόντα.

56 3408 132 3480 ἄλλ’
148 3421 178 3483 εί
191 3414 232 3503 δή
244 3443 276 3484 τι
292 3425 423 3503 πίθοιο,
445 3414 487 3485 σῦ
502 3417 538 3485 δὲ
550 3423 713 3503 κρείσσων
726 3417 782 3484 καὶ
795 3412 918 3502 ύρείων

46 3515 144 3602 ml,
167 3512 267 3605 ἅναξ,
287 3517 425 3607 ἐμέθεν,
445 3521 506 3587 σεῦ
520 3518 556 3585 δὲ
569 3514 690 3596 σθένος
703 3518 772 3586 ἐστὶ
785 3515 950 3604 μέγιστον,
1022 3528 1058 3582 90
